4784 5550
474 561 598 640 150,
716 517 1181 603 notorior-0
1239 477 1849 598 omousius-s

588 717 646 801 65.
672 709 711 779 C.
734 707 825 796 Ergo
847 703 1055 799 antiquarum
1077 697 1141 782 est,
1180 699 1382 796 pridemque
1401 695 1539 782 inutile,
1571 699 1606 772 dr
1634 697 1843 774 exsufflatum
1865 699 1951 794 illud

469 809 619 888 nostrum
641 802 853 900 Capitulum,
873 799 973 897 super
988 825 1056 895 quo
1074 823 1201 871 tantum
1224 795 1437 868 sudavimus!
1470 797 1591 869 Faclus
1606 797 1653 874 est
1668 806 1757 872 ertint
1774 827 1864 872 nunc
1878 830 1956 894 qao.

468 916 509 985 erl
528 915 604 979 benc
623 906 862 991 formositatem,
888 897 1058 996 sacerdos,
1086 895 1164 969 ficut
1181 897 1346 994 populus:
1374 895 1509 991 utquid
1525 900 1630 990 igitur
1648 905 1679 971 S.
1698 906 1894 990 Roymurtdur
1915 903 1957 971 il·

469 1008 528 1083 lud
543 1004 658 1078 retulit
670 1004 703 1071 in
723 999 997 1092 compilationem
1020 1003 1132 1069 drame
1163 1018 1240 1066 cum
1255 990 1395 1089 suojam
1418 1016 1573 1090 tempore
1595 995 1745 1069 variasset
1766 997 1839 1070 hec
1856 995 1958 1070 disci·

467 1107 585 1208 plion?
610 1107 652 1172 D.
669 1103 754 1169 Non
777 1094 823 1167 ell
842 1100 975 1190 penitus
997 1095 1225 1189 antiquatum,
1263 1091 1455 1163 &multum
1479 1093 1587 1165 adhuc
1607 1095 1710 1166 utile:
1742 1097 1793 1184 ι.)
1816 1099 1867 1167 Ur
1881 1121 1954 1168 mo.

466 1225 609 1278 ocantur
637 1220 753 1271 omues
775 1194 923 1275 Clerici,
956 1213 1081 1286 quanto
1103 1189 1212 1261 studio
1242 1185 1394 1282 effugere
1422 1188 1563 1262 debeam
1588 1195 1713 1288 queris
1735 1191 1953 1288 juramento,

464 1298 651 1403 praesertim
667 1290 878 1389 corporalia:
900 1295 1056 1359 moralitas
1075 1291 1164 1359 enim
1190 1287 1329 1381 alicujus
1350 1293 1488 1373 cunonis,
1514 1287 1580 1360 fiee
1599 1294 1680 1360 idern
1696 1290 1841 1382 spiritur,
1869 1289 1954 1364 sem·

465 1416 688 1500 permanet,
728 1385 855 1461 tametsi
878 1390 1025 1458 varietur
1048 1389 1208 1482 dispofirio.
1258 1387 1471 1482 Proindcque
1506 1387 1560 1482 2.)
1583 1388 1760 1471 Clericus,
1791 1393 1952 1486 quotiens

464 1493 574 1594 potest
590 1491 761 1589 syndicum
780 1485 902 1557 habere
916 1489 1046 1574 tutione
1060 1482 1220 1566 eccleliae,
1251 1486 1443 1576 dignitatis,
1476 1485 1527 1556 vel
1555 1482 1707 1558 beneficii
1728 1483 1795 1568 sui,
1832 1491 1951 1582 potine

465 1597 531 1670 hoc
552 1593 726 1682 delegato,
760 1588 817 1681 qui
831 1586 921 1679 juret
934 1591 965 1654 in
982 1592 1115 1653 unimam
1131 1589 1297 1676 propriam,
1330 1606 1463 1664 utatur;
1490 1608 1590 1677 quem
1611 1608 1647 1655 ut
1672 1581 1742 1680 ipse
1762 1585 1892 1678 litiget,
1914 1585 1949 1662 ἀ

493 1717 530 1765 et
545 1690 577 1762 se
599 1691 699 1784 juret.
733 1689 786 1774 ⁶3.)
815 1686 961 1774 Litigans
979 1681 1128 1753 Clericus
1150 1684 1183 1749 in
1207 1684 1294 1764 caula
1313 1684 1369 1770 lua
1389 1685 1534 1772 privata,
1563 1681 1596 1752 dt
1617 1689 1844 1775 patrimoniali,
1867 1708 1948 1756 cort·

464 1719 576 1864 limat
601 1804 853 1882 procuratorem
867 1803 933 1850 curn
948 1783 1090 1849 mandato
1107 1778 1224 1870 [periali
1237 1778 1369 1872 jurandi
1385 1782 1418 1845 in
1436 1781 1579 1849 animam
1599 1775 1707 1863 suem,
1730 1782 1824 1877 juxta
1846 1778 1949 1854 facul.

464 1911 566 1960 ΜΕΝ
584 1894 656 1977 ⁶¹¹?-
674 1907 705 1969 3·
724 1884 752 1950 l·
767 1902 791 1951 5·
811 1884 843 1948 ln
863 1891 914 1959 6·‚
941 1901 1002 1973 per
1017 1878 1107 1973 quod
1124 1875 1333 1947 moderarum
1349 1874 1395 1946 eli
1414 1887 1484 1969 cip.
1511 1904 1545 1958 5·
1569 1883 1588 1947 h
1618 1900 1663 1953 r‚,·
1688 1879 1752 1950 hoc
1773 1882 1865 1951 enim
1878 1903 1947 1952 m,

462 1989 514 2080 gis
531 1985 643 2064 decer,
669 2003 768 2075 quant
789 2000 825 2048 ut
842 1972 911 2071 ipse
923 1975 1120 2068 personairrer
1133 1974 1242 2068 juret,
1265 1975 1342 2044 licet
1357 1980 1455 2064 quood
1470 1976 1676 2055 conscientium
1691 1977 1781 2048 idem
1798 1975 1852 2049 fit:
1877 1977 1943 2048 dis·

462 2079 550 2157 curs·
569 2084 676 2175 Psl01'·
693 2081 801 2147 Num·
819 2099 861 2166 45
866 2125 877 2146 ο
905 2073 936 2144 dt
960 2098 1010 2162 54-
1031 2072 1084 2168 4)
1100 2077 1260 2143 Recurrat
1274 2074 1313 2140 ad
1331 2070 1425 2141 suum
1445 2071 1667 2168 Episcopum,
1696 2071 1826 2148 stforte
1843 2076 1969 2169 judu.

462 2182 638 2254 arbitraria
655 2175 910 2247 interlocutione
926 2173 1025 2242 vellet
1039 2195 1135 2253 eum,
1161 2169 1286 2264 ubsque
1308 2166 1480 2240 manifesta
1494 2171 1604 2251 caul'a,
1630 2175 1763 2267 privare
1779 2171 1951 2258 beneficio

402 2357 404 2362 -
463 2290 536 2372 0⁴7·
564 2304 595 2366 3·
619 2279 651 2346 ᾗ·
674 2295 699 2345 t.
721 2278 752 2341 ln
777 2285 809 2343 ⁶·
865 2274 909 2358 5·)
932 2274 1136 2363 Nunquam,
1170 2265 1295 2337 etiantfi
1319 2267 1358 2335 lis
1381 2270 1412 2337 ei
1437 2263 1545 2349 foret,
1576 2290 1733 2365 tunquam
1757 2267 1886 2350 saofi,
1912 2276 1952 2344 jn

460 2373 556 2450 ⁰⁸¹¹st
577 2373 812 2468 Pdfflmnlulsr
843 2390 956 2437 coram
976 2365 1087 2458 judice
1117 2369 1219 2446 laico,
1254 2363 1396 2435 resolvat
1418 2364 1465 2446 se,
1499 2389 1535 2436 ut
1555 2370 1585 2437 ei
1607 2375 1805 2462 personaliter
1826 2370 1947 2465 jurem

461 2474 547 2544 hanc
567 2472 656 2540 enim
673 2462 867 2561 potestatem
890 2461 1071 2533 arbitrandi
1091 2471 1165 2554 cap.
1192 2488 1223 2548 3.
1245 2467 1276 2531 ir.
1300 2484 1325 2534 r.
1342 2458 1417 2532 solis
1432 2462 1599 2557 judicibus
1620 2469 1817 2557 ecclesistico
1831 2467 1946 2551 dedit,

460 2593 498 2642 ut
515 2564 632 2665 possut
650 2567 826 2656 quandoque
850 2558 935 2654 ipsus
954 2559 1109 2654 personet
1128 2560 1328 2656 principales
1354 2559 1574 2653 adstringere,
1601 2563 1732 2658 tejcsiis
1746 2589 1947 2662 procurato·

460 2666 572 2740 tibus:
598 2685 707 2759 neque
730 2669 801 2754 ⁰⁴?-
828 2683 858 2750 5·
875 2662 909 2735 ss
924 2665 982 2730 ult.
1000 2661 1030 2729 b.
1049 2679 1075 2729 t.
1096 2657 1301 2750 derogarunt
1319 2669 1390 2751 cap.
1421 2687 1447 2728 r.
1464 2673 1493 2731 n.
1509 2681 1554 2742 n,
1579 2663 1790 2757 inquantum
1813 2664 1880 2736 hoe
1894 2689 1947 2738 rt·

389 2822 394 2833 .
459 2760 571 2865 ptelsit
586 2761 712 2858 judices
725 2758 888 2851 seculares.
939 2755 1155 2852 Etllquldem
1180 2757 1943 2857 Clericorumaliquisvelletscadhocspnm

459 2861 646 2941 resolvere,
677 2856 767 2954 quod
795 2879 935 2950 propter
958 2861 1073 2951 praxin
1095 2879 1308 2925 communem
1329 2863 1519 2949 ipsorummet
1542 2864 1684 2930 luiturum
1713 2856 1813 2931 facile
1835 2857 1942 2957 pulser

457 2966 603 3043 ‘limes
627 2959 751 3037 credor
778 2954 942 3033 &teneor
977 2979 1190 3049 peccaturum
1211 2954 1319 3024 adhuc
1350 2954 1450 3024 ltodie
1480 2956 1667 3049 Episcopum,
1706 2956 1764 3027 nist
1784 2981 1880 3046 petar
1903 2960 1939 3030 ll·

455 3062 600 3133 centiam
620 3085 638 3124 a
650 3060 766 3146 suntnto
790 3055 951 3143 Pontifici,
979 3053 1214 3130 &clericum
1240 3050 1298 3122 nist
1313 3080 1332 3122 a
1347 3061 1401 3141 luo
1422 3058 1569 3126 Preietos
1592 3059 1670 3149 quia
1683 3057 1745 3142 fine
1759 3059 1938 3150 nereffirate,

454 3183 508 3254 per
524 3161 693 3248 Superiores
706 3153 884 3241 opprobria,
909 3148 1048 3219 violaret
1065 3152 1278 3243 enriquiffirnor
1303 3160 1454 3231 Curiones,
1483 3151 1515 3221 dr
1540 3157 1750 3225 renunciaret
1764 3160 1937 3247 legumin-

454 3258 612 3351 periulrunr
635 3252 825 3340 privilegiis,
856 3244 1006 3342 nuspiam
1030 3245 1175 3316 sublatis.
1228 3251 1275 3316 Er
1302 3248 1422 3341 quibus
1449 3247 1647 3345 perspicies,
1681 3254 1714 3321 in
1739 3256 1864 3347 quibus
1881 3253 1937 3323 gd.

453 3353 603 3427 ltucdum
619 3345 678 3419 stet
692 3341 841 3419 etesium
861 3353 932 3438 cap.
955 3371 983 3417 ι.
1007 3348 1038 3418 lr.
1058 3367 1084 3418 r.
1100 3344 1284 3416 dummodo
1305 3346 1427 3418 Clerici
1447 3341 1508 3443 ipsa
1533 3350 1638 3423 nolint
1660 3352 1803 3447 propri,
1829 3346 1938 3425 funi,

458 3473 525 3526 tare
549 3445 695 3545 idipsum
716 3440 937 3544 pessumdare.

1115 3674 1145 3754 s.
1216 3663 1283 3737 Vl.
1427 3654 1430 3658 ’

738 3830 961 3935 Codigurrtur
976 3831 1129 3910 notando
1142 3829 1231 3908 bono
1248 3860 1366 3937 grana
1390 3861 1436 3910 ex
1451 3831 1512 3912 boc
1527 3796 1650 3914 textus

570 4030 625 4093 66.
652 4022 696 4090 D.
718 4014 830 4088 Medis
852 4017 989 4090 collesla
1010 4020 1076 4093 est:
1111 4047 1215 4104 nune,
1259 4024 1413 4117 exemplo
1440 4023 1580 4102 Glnlsae,
1616 4020 1935 4116 &Repetentiom

451 4121 492 4193 ad
521 4120 670 4213 spicilegia
734 4121 895 4211 Qtaenum
917 4144 954 4189 ex
976 4121 1040 4192 hot
1070 4122 1228 4217 Capitulo
1255 4127 1379 4203 norat?
1420 4128 1459 4195 C.
1481 4128 1645 4216 Legamus
1671 4143 1783 4193 notata
1807 4118 1934 4195 Glolsae

451 4218 524 4319 poll
545 4228 640 4311 rasum
659 4223 789 4323 longum.

456 4404 506 4499 a.)
537 4403 702 4496 Qualibet
717 4398 859 4475 Ecclefin
884 4397 978 4471 suum
1001 4397 1124 4471 habere
1144 4399 1242 4475 debet
1267 4397 1475 4477 defensorem
1491 4401 1533 4475 ud
1549 4401 1733 4496 agendum,
1760 4397 1792 4474 dt
1801 4394 1933 4497 desen·

564 4500 727 4585 dendum,
751 4505 808 4596 qui
825 4501 915 4596 jutet
932 4500 972 4573 de
996 4499 1174 4573 calumnie.

1758 4631 1811 4730 2.)
1840 4638 1931 4709 Gra·
