4784 5550
545 619 612 700 uu
639 571 943 717 rnuocrrofn
969 611 1207 736 runcurr.
1233 612 1410 742 uncrnr.
1433 615 1724 697 uovnrrunr
1751 619 1818 699 uc.
1885 646 1910 721 ς

451 832 498 882 uns
512 827 616 876 aurem
632 802 750 897 primis
768 797 873 871 nribus
891 794 1014 874 seculis
1029 797 1234 889 incognitus,
1250 797 1286 889 r)
1312 823 1329 868 u
1347 798 1498 871 Patribus
1510 797 1637 874 seculo
1653 804 1720 877 IV.
1740 829 1910 879 commen·

450 910 539 978 duras.
564 909 599 988 dl
626 897 795 971 luccellr're
815 896 1050 968 corrsuerudine
1071 898 1257 966 uoluntaria
1279 900 1353 968 licet
1373 924 1437 965 non
1455 897 1629 968 uniuersali
1652 904 1856 975 introduilus
1874 911 1908 998 e)

447 994 1044 1095 Situlol'ls&sequentibusparrim
1066 994 1485 1167 Canoniblpspruuincffi)
1534 999 1657 1069 Partim
1675 999 1910 1096 Regumfrun·
1988 1079 1993 1084 ,

1258 1118 1275 1187 3
1791 1125 1910 1174 corum

544 1279 666 1345 decimis
686 1274 888 1360 ,tyuuamm
913 1274 994 1340 alios
1030 1274 1318 1351 enumeratione.
1348 1274 1448 1339 Luno
1475 1277 1505 1347 iu
1531 1277 1617 1354 brnen
1648 1277 1725 1350 pipp
1753 1276 1909 1365 ffpppppm

542 1360 754 1445 hrtlintbiunrr
770 1361 804 1425 L.
828 1357 886 1425 lV.
908 1359 942 1424 C.
969 1377 1019 1441 3²·
1334 1363 1368 1432 ι

475 1499 513 1583 r)
531 1497 659 1565 Nullum
681 1497 847 1581 vestigium
866 1499 905 1563 de
926 1498 1009 1564 hisce
1035 1500 1231 1584 temporibus
1249 1502 1380 1584 produci
1401 1502 1540 1584 poterit,
1562 1503 1610 1566 sed
1632 1503 1741 1601 fideles
1761 1505 1909 1586 adpedes

543 1581 1035 1748 Lplpstzlozrusse{acglzetep9suus
1053 1584 1265 1666 deposuerunt
1280 1583 1479 1698 Ast'Apost.
1502 1586 1537 1652 C.
1554 1604 1584 1651 2.
1604 1588 1689 1652 cons.
1711 1587 1851 1653 incurru
1875 1595 1910 1653 in

485 1781 525 1865 d)
543 1780 667 1847 Saeculo
691 1782 747 1848 lV.
766 1785 1043 1866 deprehenduntur
1058 1784 1156 1866 prima
1179 1778 1312 1861 vestigia
1334 1779 1441 1844 liberae
1467 1780 1656 1846 decimarum
1678 1785 1849 1850 oblationis
1866 1807 1911 1853 ex

546 1867 760 1928 At'ousrrrro
782 1868 814 1929 dr
838 1870 1072 1931 Huunournw.
1095 1864 1180 1945 cons.
1209 1862 1384 1926 Bruurrnnr
1414 1866 1558 1946 antiquit.
1588 1865 1709 1931 Eccles.
1737 1866 1832 1933 Turn.
1868 1869 1908 1934 ll.

547 1949 580 2012 l..
608 1947 649 2012 V‘.
680 1969 707 2010 c.
734 1948 773 2012 V.
797 1972 824 2033 p.
849 1954 919 2022 268.
940 1953 1021 2012 inter
1046 1959 1149 2029 putres
1175 1943 1367 2024 poriffimnm
1395 1946 1581 2012 ortonnes
1611 1949 1826 2031 obligationes
1848 1950 1936 2022 sol·,

546 2030 798 2092 vendiderimus
823 2029 855 2094 &
876 2031 1029 2114 primitias
1049 2029 1218 2091 admodum
1239 2025 1323 2091 urlit.
1347 2027 1432 2093 cons.
1454 2027 1596 2092 l'rmuurr
1623 2034 1699 2096 duns
1726 2031 1763 2095 Ι]
1787 2033 1911 2176 bylone

547 2111 656 2175 Eccles.
676 2111 772 2177 Tum.
798 2131 827 2178 2.
848 2134 878 2194 p.
905 2114 974 2177 161.
1000 2109 1244 2174 Trronrnsrrrus
1263 2109 1299 2171 de
1320 2119 1377 2174 vet.
1397 2108 1436 2173 θ’θ’
1452 2129 1531 2174 nova
1555 2111 1688 2196 Ecclefiu
1711 2113 1785 2195 disc:
1850 2107 1917 2180 ltt.'

547 2193 582 2256 L.
597 2192 621 2257 l.
639 2191 674 2256 C.
692 2214 724 2276 3.
743 2193 768 2276 l.
789 2214 820 2275 9.
840 2196 880 2258 de
902 2209 1021 2258 caetero
1046 2194 1154 2256 frustra
1181 2191 1344 2253 invehitur
1361 2189 1388 2263 J.
1411 2190 1453 2254 H.
1476 2192 1671 2257 Biirrnrurrus
1688 2197 1721 2257 in
1740 2194 1829 2276 &aare
1850 2198 1910 2259 Eu·

544 2278 606 2339 cles.
625 2277 747 2359 protest.
766 2276 800 2340 L.
825 2276 881 2342 lll.
906 2278 957 2344 tit.
979 2297 1029 2358 30.
1057 2276 1082 2357 i.
1099 2294 1134 2357 9.·
1158 2284 1268 2336 contra
1292 2270 1417 2343 Patres,
1441 2274 1523 2357 quud
1544 2277 1713 2355 improuide
1742 2281 1910 2359 egerint-in

543 2358 718 2420 reducendis
737 2378 777 2420 cx
798 2363 891 2422 ueteri
909 2359 1078 2443 tellumcutu
1097 2357 1243 2422 decimis:
1274 2353 1353 2418 Cum
1373 2356 1456 2418 enim
1479 2354 1665 2421 cessantibus
1686 2361 1912 2441 persecutioni-

543 2441 601 2503 bus
635 2453 779 2519 tempore
811 2441 1006 2521 Constantini
1034 2439 1077 2503 nt.
1117 2438 1275 2522 publicum
1307 2438 1472 2520 religionis
1513 2438 1616 2505 christ.
1652 2443 1840 2506 exercitium
1877 2444 1911 2505 iu

543 2520 681 2604 lmperio
696 2522 731 2585 ll.
755 2523 969 2586 introduslum
992 2521 1103 2588 suerit.
1134 2518 1166 2582 ἀ
1187 2519 1314 2602 Religio
1335 2520 1502 2584 Christiana
1520 2524 1550 2585 in
1573 2523 1755 2586 immensum
1778 2541 1911 2608 sugere·

545 2616 611 2678 tur,
636 2606 670 2667 dt
699 2605 741 2680 suc
760 2604 881 2668 necesse
901 2605 977 2668 ess'et
1000 2606 1130 2666 nouiter
1155 2603 1315 2665 convertis
1364 2605 1469 2686 opulis
1491 2605 1651 2686 praeficere
1683 2604 1911 2690 Episcopus&

546 2688 624 2750 alius
646 2686 811 2762 Clericus,
832 2690 885 2771 qui
906 2688 1078 2750 animarum
1104 2684 1211 2759 saluti,
1231 2623 1393 2760 docendo,
1420 2687 1637 2768 praedicando,
1662 2687 1695 2750 dc
1724 2689 1911 2754 Sacramen-
2028 2678 2036 2691 ’

546 2784 575 2833 ta
596 2770 839 2834 administrando
855 2773 949 2835 unice
971 2769 1203 2842 incumberent,
1225 2767 1259 2831 hi
1281 2766 1477 2850 Episcopi&
1503 2767 1616 2834 Clerici
1635 2787 1739 2835 autern
1758 2787 1910 2854 nonpo-
1950 2830 1953 2835 .
2012 2848 2017 2857 .

546 2855 663 2916 tuerint
679 2854 792 2916 vivere
809 2864 928 2929 vento,
952 2869 1088 2933 cumque
1102 2849 1269 2913 secundum
1291 2849 1363 2923 lura
1382 2862 1445 2913 tam
1464 2852 1617 2924 naturalia
1636 2871 1729 2934 quam
1745 2855 1852 2919 divina
1872 2875 1913 2919 o·

546 2937 683 3017 perarius
696 2935 811 3017 dignus
825 2934 901 3000 esset
925 2934 1086 3005 mercede,
1110 2930 1152 2996 src
1166 2932 1256 2995 omui
1280 2933 1396 2997 rationi
1415 2932 1582 2996 conforme
1607 2934 1724 3009 fuerat,
1749 2930 1910 3020 ut'quiviu

546 3017 682 3099 populus
696 3015 783 3080 sunm
801 3017 982 3082 sustentaret
996 3015 1183 3098 Episcopum
1199 3013 1253 3076 'vel
1269 3015 1440 3076 animarum
1461 3014 1632 3097 pastorem,
1654 3017 1715 3095 jam
1729 3029 1834 3081 autem
1849 3040 1909 3099 pro

547 3100 697 3163 sustenteu
720 3120 738 3165 ι
754 3101 915 3163 numerosa
932 3101 989 3162 hac
1002 3117 1060 3180 pro
1074 3094 1223 3165 Ecclesuae
1235 3105 1339 3157 tumen
1357 3095 1452 3158 salure
1464 3095 1627 3159 necessaria
1642 3100 1910 3163 multitudineim·

549 3182 657 3249 mentis
675 3203 695 3242 o
743 3182 877 3246 sinisset
891 3182 1128 3244 fundationibus
1151 3197 1208 3257 pro
1229 3178 1354 3241 illorum
1370 3192 1547 3261 temporum
1563 3179 1756 3244 conditione
1775 3186 1910 3245 nullate·
2003 3200 2006 3205 “

551 3283 605 3327 nus
620 3265 854 3347 exspetiandis,
876 3262 1063 3326 Elemotiuae
1075 3282 1111 3324 uc
1124 3260 1305 3324 oblationes
1322 3262 1432 3340 partim
1449 3274 1537 3324 erant
1552 3265 1701 3332 incertae,
1723 3267 1832 3343 purtim
1850 3287 1910 3347 pro

552 3350 808 3509 turnultus
820 3341 1783 3493 {illusististllt:it:ibttlttttttttlt
1795 3347 1908 3494 bill·

551 3508 672 3575 srslicis
686 3531 741 3592 per
753 3512 932 3576 universum
946 3511 1132 3591 Imperium,
1155 3527 1195 3570 ne
1209 3509 1311 3576 dicum
1326 3527 1380 3588 per
1392 3509 1503 3570 orbem
1521 3507 1741 3580 sustentandis,
1765 3512 1911 3595 adeoque

545 3591 710 3657 fecundum
725 3594 863 3658 noslrum
878 3591 1075 3674 concipiendi
1093 3591 1241 3664 mudum,
1260 3590 1401 3653 fiomuin
1414 3594 1616 3654 oecouomicu
1629 3591 1835 3673 politicorum
1851 3617 1912 3658 ex-

546 3678 699 3741 cutiamus
719 3679 889 3758 principia,
920 3676 1026 3738 nullus
1048 3673 1230 3753 expeditior
1253 3672 1369 3734 modus
1395 3672 1625 3736 sustentationis
1653 3675 1749 3756 huius
1773 3678 1912 3743 inveniri

545 3762 668 3842 potuit,
690 3779 781 3840 quam
800 3775 834 3822 ut
846 3759 977 3829 fideles,
999 3758 1052 3838 qui
1065 3759 1102 3818 ad
1118 3754 1374 3818 sustentationem
1392 3754 1436 3817 lui
1458 3754 1590 3836 pastoris
1607 3754 1834 3838 Jurepersedto
1851 3765 1913 3822 ob-

545 3841 640 3906 stristi
655 3850 761 3913 erant,
782 3841 934 3924 exemplo
947 3838 980 3903 dt
1001 3841 1101 3902 modo
1114 3858 1156 3901 ex
1176 3838 1278 3900 veteri
1291 3837 1478 3900 testamento
1494 3838 1661 3925 desumpto
1678 3841 1830 3905 decimam
1845 3842 1913 3904 frn-

545 3923 652 3989 ouum
674 3923 909 4003 persolverent,
928 3923 982 3985 vel
997 3921 1138 3998 prosecat
1153 3922 1247 3983 nobis
1266 3918 1459 3983 Biirrsrrcrrus
1480 3922 1704 3986 inventionum
1725 3925 1802 3988 alins
1819 3925 1911 3988 serti·

542 4007 584 4071 liu
605 4007 857 4072 commodiorem
873 4025 932 4087 pro
958 4005 1020 4068 illis
1038 4003 1277 4072 circumstantiis
1292 4003 1421 4065 modum
1434 4003 1621 4069 sustentandi
1638 4007 1778 4080 clerum,
1804 4017 1841 4071 ut
1858 4011 1912 4071 vi-

543 4091 690 4163 deamus,
712 4109 751 4152 an
767 4089 906 4171 putribus
920 4087 1005 4150 illius
1018 4087 1082 4148 aevi
1101 4084 1196 4148 suerit
1214 4084 1415 4167 prudentior,
1436 4084 1470 4148 δι
1489 4086 1607 4159 srsuit,
1628 4089 1799 4153 dolendum
1819 4108 1915 4154 reve·

543 4191 594 4242 ra,
611 4173 698 4252 quod
712 4172 806 4253 ipsius
820 4170 948 4233 cousrlia
965 4188 1036 4231 cour
1053 4169 1243 4230 detrimento
1257 4166 1409 4231 Ecclestae
1422 4168 1563 4233 Patribus
1578 4169 1695 4234 suerint
1706 4172 1881 4253 incognita.

473 4300 506 4381 r)
523 4290 561 4358 ln
575 4289 730 4354 conciliis
745 4288 849 4354 recoli
864 4286 920 4352 IV.
944 4286 1028 4349 nulla
1043 4288 1081 4349 de
1096 4284 1224 4349 decimis
1233 4282 1277 4348 ‚fir
1293 4286 1432 4364 mentio,
1455 4286 1508 4350 itta
1521 4287 1621 4358 enim,
1643 4294 1715 4370 qut‘ae
1727 4288 1767 4350 de
1780 4288 1912 4353 decimis

544 4371 749 4522 ὲιὲἑοηεῦἰᾳ
767 4370 912 4521 llomano
937 4369 989 4435 sub
1012 4369 1150 4475 Damaso
1169 4369 1207 4432 A.
1229 4378 1301 4479 382.
1325 4366 1448 4468 statutis
1466 4371 1699 4454 producuntur,
1723 4372 1826 4435 dubiae
1843 4370 1914 4437 lunt

459 4579 510 4671 f)
534 4574 664 4645 Saeculo
675 4571 732 4641 Vl.
754 4554 787 4637 tn'
810 4572 908 4639 unico
922 4569 1070 4636 Concilio
1089 4567 1307 4634 lllatiseouensr
1321 4566 1363 4637 lt
1377 4570 1418 4633 de
1433 4591 1461 4635 a.
1477 4582 1550 4654 583.
1574 4589 1602 4634 u.
1623 4588 1652 4654 5.
1675 4571 1706 4635 in
1721 4570 1915 4635 Hanuurur

550 4648 665 4727 cornu.
683 4657 768 4725 sinc.
784 4653 881 4724 Tum.
898 4654 955 4723 lli.
978 4676 1008 4740 p.
1023 4654 1095 4736 461.
1120 4656 1259 4722 occurrit
1275 4654 1523 4740 praeceptumde
1539 4652 1915 4799 [οὶνειιάὶεάοοῖπὲῑέἆέζ
