4784 5550
432 629 503 712 ou
523 626 700 712 noctu.
715 603 889 708 tto'nut
904 607 1134 708 -rou'otus
1156 611 1849 738 taceres.tn1toctttnn.oe.375

676 815 683 822 ’
993 849 1028 938 ι
1076 833 1238 919 xxxi

485 1015 537 1088 Er
560 1009 762 1114 prestrusdis
783 1011 850 1108 jem
872 1005 1094 1084 fundamentis
1112 1013 1212 1112 hujus
1233 1016 1403 1112 opinionia
1425 1012 1634 1092 firmamenta
1656 1015 1774 1119 sponte
1796 1021 1854 1100 sua
1973 1091 1976 1120 ,
2068 1021 2072 1028 ’

436 1107 594 1208 surgunt,
618 1139 691 1212 que
707 1111 862 1186 brevibus
877 1111 953 1181 lieet
973 1109 1082 1184 verbis
1104 1112 1273 1186 contraila
1291 1115 1425 1197 demus,
1453 1136 1545 1188 tanto
1565 1140 1674 1188 tamen
1695 1119 1854 1196 solidiora

432 1235 527 1308 equo
540 1211 690 1308 quolibet
709 1233 821 1282 rerum
838 1207 962 1280 arbitro
979 1205 1236 1304 conspicientur.
1286 1212 1505 1309 Presumptio
1520 1218 1609 1286 enim
1624 1219 1718 1310 Juris
1735 1217 1853 1296 restllir

432 1309 511 1382 liber
527 1305 742 1407 prescribere
764 1305 887 1379 volenti
910 1309 1172 1392 immunitatem,
1206 1332 1323 1381 contra
1345 1335 1578 1408 quemcunque
1595 1313 1732 1385 demum
1754 1319 1855 1390 Deci.

432 1429 534 1480 mrem
552 1429 626 1480 eant
644 1405 700 1478 fibi
715 1401 852 1477 asserere
872 1423 1020 1477 conetur.
1070 1411 1155 1503 Jure
1171 1407 1325 1480 videlicet
1339 1409 1507 1482 communi
1525 1409 1564 1480 ab
1578 1412 1734 1484 omnibus
1752 1413 1853 1486 Chri·

432 1505 484 1578 oie
503 1507 658 1576 Decimae
682 1504 813 1584 deberi,
838 1505 1092 1599 neminemque,
1118 1529 1317 1601 quacunque
1335 1507 1435 1578 etiam
1454 1505 1615 1598 dignitate
1633 1513 1854 1604 praemineo-T

431 1605 456 1688 t','
481 1601 523 1674 ab
542 1607 582 1674 iia
599 1623 790 1696 exemptum
808 1598 888 1683 esse,
913 1598 970 1671 nist
982 1599 1115 1697 speciali
1132 1603 1311 1696 privilegio
1326 1601 1389 1676 five
1405 1603 1505 1676 titulo
1520 1627 1710 1700 exemptum
1725 1605 1757 1679 se
1775 1633 1856 1702 pro·

433 1749 444 1786 ,
469 1701 636 1774 unanimis
650 1697 696 1774 cll
713 1703 908 1781 Canonum,
932 1721 998 1770 ram
1018 1699 1246 1796 antiquiorum
1270 1699 1566 1802 &capitularium
1586 1702 1687 1803 supra
1701 1703 1854 1782 ltudato·

431 1795 466 1886 a,
494 1822 595 1896 quam
614 1801 839 1873 recentiorum
856 1795 888 1868 dr
904 1796 1132 1870 Decretrlium
1151 1795 1274 1872 stollio
1293 1803 1345 1894 ¹a).

474 1933 570 2004 Huic
595 1954 706 2004 autern
731 1932 1010 2029 presumptioni,
1041 1956 1204 2027 quatenu!
1224 1955 1339 2004 contra
1362 1932 1571 2006 Decimarioa
1593 1934 1732 2022 militar,
1764 1939 1852 2017 niltil

431 2032 524 2113 oria,
549 2052 605 2101 aut
621 2032 742 2102 uirium
760 2055 796 2104 ac
812 2027 963 2116 efficacia
986 2055 1025 2102 er
1045 2028 1171 2102 diversa
1188 2027 1348 2126 qualitate
1365 2029 1475 2112 illiur,
1496 2039 1554 2125 qui
1571 2037 1726 2107 Decimae
1742 2041 1851 2132 perci·

431 2177 438 2210 ,
465 2129 665 2201 detrahitur.
709 2134 793 2199 Haec
812 2133 901 2199 enim
920 2127 1061 2223 qualitaa
1076 2129 1197 2198 intuitu
1216 2129 1484 2199 Decimariorum
1503 2123 1737 2204 indifferenter
1754 2161 1853 2228 pror·

448 2221 480 2296 se
497 2225 614 2308 haber,
649 2249 709 2298 nec
728 2227 794 2297 illia
813 2226 977 2298 ullatenus
995 2222 1168 2318 suflragari
1189 2225 1299 2302 deber.
1351 2226 1434 2297 lndc
1459 2225 1528 2308 esl,
1561 2229 1652 2323 quod
1679 2231 1850 2329 pleraque

431 2323 563 2394 :reralea
579 2323 676 2393 titulo
698 2323 738 2395 de
755 2326 903 2395 Decimio
918 2323 1047 2404 relatae,
1074 2347 1147 2420 que
1164 2323 1247 2394 hanc
1266 2322 1559 2420 praesumptionem
1578 2325 1732 2399 aduersus
1752 2334 1853 2404 Deci·

430 2421 494 2492 rior
511 2418 673 2502 llrtuunt,
696 2421 729 2494 dt
748 2421 788 2491 ab
808 2422 964 2493 omnibus
982 2416 1165 2492 fundorum
1188 2417 1438 2519 possessoribus,
1469 2422 1512 2496 de
1534 2424 1690 2497 omnibus
1713 2421 1854 2514 sundia,

432 2516 591 2592 omnibns
615 2514 752 2610 frugum
774 2517 971 2615 speciebus,
1011 2539 1178 2615 quotquot
1201 2541 1264 2615 per
1291 2541 1415 2590 annum
1440 2522 1569 2592 iteratio
1596 2523 1698 2596 erirm
1721 2525 1852 2600 vicibua

430 2639 583 2698 utantur,
610 2615 652 2688 de
667 2616 823 2688 omnibua
840 2615 1036 2688 animalibus
1056 2617 1211 2690 Decimae
1228 2612 1397 2688 solvendae
1413 2621 1634 2714 precipiunt,
1657 2619 1700 2692 de
1712 2621 1853 2718 quibua·

433 2736 501 2810 qne
516 2713 589 2785 aliia
604 2718 767 2786 extraneis
784 2713 1092 2796 indiscriminatim,
1116 2712 1158 2785 de
1181 2712 1321 2785 clericis
1342 2713 1534 2790 Dioeceseon
1552 2714 1797 2816 Episcoporum
1813 2723 1854 2795 il·

430 2836 498 2895 tm,
518 2811 558 2882 ad
574 2836 658 2908 quoa
675 2809 918 2894 rescribuntur,
934 2812 975 2883 de
992 2814 1188 2893 Canonicia,
1210 2812 1252 2882 de
1268 2812 1455 2905 Capitolia,
1476 2814 1517 2886 de
1535 2814 1768 2901 Monasleriia,
1782 2846 1851 2893 non

430 2910 606 2990 l’arochia,
624 2909 657 2984 dt
675 2906 872 3007 paucissimo
887 2909 929 2982 de
947 2910 1045 2982 terrie
1068 2908 1306 2979 Parochiarum
1323 2906 1491 3002 prredidlia
1511 2910 1673 3001 Collegiia
1695 2916 1852 3011 incorpo-

430 3031 518 3081 trum
536 3030 702 3105 concepte
718 3005 778 3082 fior
792 3010 839 3101 l).
890 3010 933 3079 Et
946 3008 992 3079 ita
1011 3004 1181 3099 eleganter
1196 3028 1263 3077 non
1278 3010 1410 3092 minua,
1426 3030 1528 3103 quana
1550 3005 1655 3095 solide
1670 3010 1851 3087 celeberri-

430 3129 444 3177 ι
466 3110 775 3179 Caentrtnnts
801 3124 857 3177 nn
885 3110 1014 3179 Luca
1034 3106 1122 3178 circa
1145 3104 1230 3175 hanc
1248 3100 1543 3200 praesumptionem
1566 3111 1729 3183 extraneis
1752 3113 1850 3187 Deci·
1976 3132 1979 3141 ·

430 3202 553 3277 tnribut
579 3200 778 3277 asserendam
807 3206 938 3277 unicam
965 3204 1049 3274 hanc
1083 3198 1328 3273 dillinsliooem
1345 3198 1481 3290 slrtuic,
1510 3229 1550 3275 an
1584 3206 1751 3279 Ptroehus
1773 3234 1851 3283 con·

429 3324 503 3385 rat,
538 3324 593 3373 aut
615 3304 646 3372 in
679 3301 737 3375 lite
764 3301 826 3386 stc,
858 3301 910 3373 vel
936 3303 1037 3372 non?
1078 3302 1113 3371 in
1146 3305 1260 3395 primo
1291 3299 1446 3372 videlicet
1467 3301 1541 3375 casu
1578 3300 1718 3377 cionem
1752 3307 1851 3383 dene·

429 3424 476 3487 a,
509 3400 543 3472 io
572 3397 715 3474 secundo
744 3424 825 3477 vero
861 3394 1030 3471 affirmans
1053 3397 1100 3493 a).
1157 3395 1331 3473 Consentit
1361 3422 1498 3497 quoque
1533 3402 1851 3579 Joartpqessamnntp

429 3628 540 3715 ycap.
555 3628 693 3699 Dudum.
709 3651 760 3716 31.
777 3632 815 3696 de
835 3630 987 3699 Decimia.

429 3752 452 3836 '³
472 3748 664 3907 ltili:
679 3754 802 3917 {titul
817 3746 1149 3903 tinnienti:
1170 3741 1849 3911 ³82.tantilli,stellulis:

484 3916 615 3983 clericis
633 3918 841 3989 Dloeceleon,
864 3912 1052 3984 (numicis.
1079 3910 1114 3976 de
1133 3908 1315 3997 Episcopir,
1339 3913 1453 3997 quibua
1474 3928 1566 3995 aeque
1580 3914 1792 3981 intentionem
1808 3921 1850 3983 de

482 3998 557 4073 lure
571 3998 739 4064 Communi
755 3998 918 4063 fundatam
940 3994 1093 4060 attribuit.

429 4112 445 4199 )
468 4114 517 4183 De
535 4117 669 4183 Dreimis
687 4113 836 4199 Discursu
853 4124 882 4187 8.
901 4133 983 4177 nam.
1000 4132 1031 4195 9.
1047 4109 1081 4175 de
1095 4127 1145 4177 10.
1160 4110 1192 4175 itt
1208 4106 1335 4173 verbim
1364 4108 1541 4182 „Attamen
1560 4113 1590 4178 id
1605 4114 1690 4181 teste
1703 4118 1849 4201 procedit

485 4204 542 4277 „in
558 4199 711 4266 concursu
733 4196 881 4268 Parochi,
902 4194 1024 4277 illoque
1043 4196 1075 4258 in
1092 4194 1181 4257 cansa
1198 4192 1376 4267 existenter
1399 4194 1455 4257 vel
1473 4200 1596 4261 tatione
1614 4199 1684 4279 ejur
1699 4200 1849 4283 prrejudi·

486 4284 573 4359 ‚,cii,
594 4284 647 4347 vel
662 4302 718 4357 nc,
741 4281 809 4363 ipso
825 4280 892 4341 suaa
906 4280 1045 4359 iutegraa
1060 4278 1206 4341 Decima
1221 4276 1391 4355 exigente,
1418 4291 1576 4361 cogentur
1595 4278 1779 4347 Parochiaoi
1795 4286 1848 4349 seu

485 4367 700 4449 „praediorum
725 4364 846 4425 domini
869 4361 992 4422 soluere
1019 4362 1205 4423 redecimant
1230 4357 1282 4420 seu
1303 4358 1460 4439 duplicem
1487 4360 1659 4425 Decimam.
1683 4408 1692 4427 .
1715 4410 1725 4429 .
1748 4364 1848 4432 Secu.

486 4463 616 4524 „autern
632 4450 684 4511 nbi
704 4446 861 4508 Prrochua
878 4461 943 4504 non
962 4440 1005 4504 est
1021 4443 1052 4503 in
1069 4440 1177 4514 cruia,
1200 4460 1302 4523 neque
1317 4442 1393 4505 alita
1414 4440 1556 4519 duplicea
1576 4440 1722 4509 Decimae
1740 4450 1777 4511 ab
1789 4451 1849 4513 iia·

486 4532 582 4606 „dem
600 4528 799 4593 Parochianis
813 4526 932 4603 exigit,
953 4527 1035 4587 adeo
1053 4536 1089 4586 nt
1108 4543 1171 4586 non
1188 4526 1285 4587 intret
1299 4542 1395 4585 unum
1419 4522 1473 4585 vel
1488 4524 1619 4587 alterum
1634 4548 1676 4590 ex
1689 4530 1780 4593 dictis
1800 4535 1850 4594 in-

449 4660 455 4671 .
484 4614 792 4690 „convenientibtta,
816 4608 964 4689 quoniam
981 4626 1053 4669 cunt
1071 4606 1253 4670 Parochiani
1266 4604 1317 4669 seu
1333 4604 1522 4688 praediorum
1541 4606 1661 4673 domini
1680 4614 1711 4673 in
1730 4633 1847 4693 genere

485 4697 546 4773 „ad
559 4696 624 4757 hoc
637 4714 719 4757 onua
737 4704 920 4761 teneantur,
941 4689 1060 4753 idcirco
1075 4688 1276 4759 conoedaoda
1288 4706 1355 4753 non
1368 4682 1413 4756 est
1428 4692 1595 4777 exemptio
1613 4712 1657 4760 ex
1669 4694 1844 4781 oppositio·

483 4798 545 4862 „aa
559 4776 643 4853 Jurit
657 4778 744 4845 tertii
754 4795 821 4877 nott
841 4774 1079 4857 conquerenda.
