4784 5550
479 631 547 710 Ex
572 628 718 708 ACTIS
742 627 882 707 PUBL.
905 624 1225 717 ADORNATA,
1256 625 1327 706 ET
1351 625 1630 712 PRAETENS.
1656 631 1727 710 dte.
1776 633 1848 732 τη

1013 803 1045 908 t.
1095 807 1191 885 tttt.

474 945 533 1018 Sin
549 969 629 1019 vero
646 939 850 1044 propofitatn
875 940 970 1016 nobis
994 939 1221 1042 quaestionem
1243 943 1284 1019 ad
1302 968 1454 1019 notntotn
1475 943 1746 1022 Pacificalionunt
1762 951 1844 1025 reli·

355 1045 466 1140 glottis
481 1068 566 1138 ergo
587 1049 767 1130 inirarunt,
800 1046 956 1138 iuxtaque
976 1067 1093 1114 verum
1111 1067 1143 1115 et
1165 1049 1348 1136 genuinum
1366 1070 1480 1116 earutn
1501 1043 1628 1117 senlutn
1655 1052 1842 1123 examinare

358 1143 521 1242 velimus:
543 1147 577 1214 in
594 1148 784 1237 negatiuarn
801 1164 913 1212 eamus
930 1139 1124 1212 senteutiam
1150 1139 1274 1212 necelle
1300 1140 1357 1213 est.
1409 1144 1509 1238 Quod
1527 1168 1560 1216 vt
1576 1143 1841 1218 dentonllretnus

363 1267 586 1340 praemonete
604 1246 713 1314 iuuat:
742 1240 934 1313 catholicos
950 1244 983 1309 in
1003 1237 1222 1333 antiquiffims
1239 1237 1335 1322 fidel,
1360 1240 1554 1332 religionis,
1577 1245 1719 1326 iuriutn,
1736 1268 1768 1316 et
1784 1243 1842 1317 bo·

361 1366 476 1412 norum
499 1338 691 1438 pollelllone
706 1335 880 1419 fundatos,
907 1361 1046 1408 anouae
1065 1363 1176 1409 autern
1199 1340 1352 1431 religioni
1371 1337 1510 1409 addillis
1533 1341 1700 1423 turbatos.
1734 1339 1842 1415 neces·

363 1435 446 1513 ltote
461 1439 600 1511 demum
618 1435 749 1509 ruallus
766 1433 829 1508 elle
845 1435 884 1504 od
926 1437 996 1505 ae‘ta
1011 1458 1087 1506 ourn
1104 1438 1144 1506 iis
1162 1436 1294 1532 publica
1312 1438 1467 1511 ineunda.
1518 1439 1619 1521 lnde,
1646 1442 1723 1537 quia
1743 1465 1841 1532 regu·

364 1537 387 1612 lt
407 1533 652 1633 autiquiffintae
672 1536 763 1607 illius
786 1460 985 1629 pollellllnnis
1011 1557 1075 1626 pro
1099 1537 1282 1606 Catholicis
1308 1537 1448 1617 militar,
1486 1537 1521 1607 lti
1544 1534 1637 1610 tella
1668 1533 1839 1620 inferunt.
1939 1587 1943 1592 -

366 1638 464 1708 uouit
480 1635 559 1716 illa,
613 1658 672 1707 uae
690 1659 756 1706 non
778 1627 931 1729 etptellt's
953 1631 1063 1702 verbis
1090 1657 1151 1726 per
1174 1632 1269 1729 palla
1291 1657 1367 1704 cutn
1386 1631 1645 1707 Protellantibus
1665 1638 1745 1706 inita
1768 1662 1840 1708 tnu-

369 1755 424 1824 ψ
439 1728 504 1807 elle
526 1660 668 1814 euolat,
704 1733 739 1802 in
759 1755 816 1810 eo,
844 1755 911 1826 quo
936 1752 1011 1800 ante
1032 1723 1172 1801 infausta
1190 1730 1365 1822 religionis
1391 1728 1517 1803 diffidis
1538 1728 1633 1805 fuere
1657 1730 1740 1804 statu
1762 1759 1840 1830 per·

370 1827 513 1916 ntofille.
562 1834 634 1902 latn
649 1854 730 1902 vero
745 1830 780 1900 in
796 1824 1082 1899 Pacificationibua
1097 1828 1273 1921 religionis
1296 1825 1401 1901 osolla
1416 1831 1507 1901 initis
1526 1830 1637 1926 quoad
1651 1829 1839 1922 Religiosoo

365 1923 518 2024 profellos
557 1928 719 2024 uidquant
735 1948 900 1998 mutarunt
918 1922 980 1998 elle
998 1950 1064 1996 non
1081 1926 1241 2023 adparet,
1274 1926 1472 2022 quidquod
1499 1927 1838 2004 exalliaatlnssoria
1901 1989 1907 2000 .

363 2027 445 2100 loeis
462 1953 709 2122 Werhalicae
725 2020 966 2097 euidentillinte
983 2022 1120 2117 probari
1141 2023 1268 2121 potest,
1294 2023 1481 2117 Religiosos
1497 2027 1559 2098 hac
1581 2051 1664 2123 pace
1682 2052 1749 2098 non
1772 2023 1838 2104 effe

363 2121 635 2220 comprehensos,
653 2120 856 2217 consequens
869 2119 915 2192 est
927 2122 1036 2216 quoad
1055 2121 1130 2191 illos
1148 2119 1284 2217 prillina
1300 2120 1358 2192 luo
1374 2128 1406 2193 in
1424 2127 1539 2215 vigore
1553 2121 1701 2219 perllore
1713 2122 1838 2200 debere
1911 2187 1921 2200 .

363 2223 444 2306 ium
475 2221 629 2318 adeoque
651 2218 824 2313 Religiofis
848 2219 1026 2292 mutandae
1045 2217 1219 2313 religionis
1241 2220 1417 2292 arbitrium
1436 2246 1508 2293 nott
1529 2245 1736 2318 competere.
1795 2222 1836 2294 ld

360 2321 442 2420 quod
457 2345 497 2394 ex
515 2316 728 2418 sequentibus
746 2313 884 2416 p'atebit.

470 2487 588 2560 Huius
604 2486 740 2582 regulae
754 2483 1013 2564 fundamentalia
1029 2510 1047 2557 a
1070 2480 1330 2557 Protellantibus
1347 2509 1517 2582 nunqutnt
1534 2483 1631 2561 elisae
1650 2483 1837 2563 bonitatem

361 2583 513 2658 eoiomnr
528 2609 584 2668 et,
610 2611 695 2682 quae
716 2585 816 2658 habet
840 2585 928 2657 Clar.
951 2589 1162 2656 Bonntzn
1179 2586 1212 2653 in
1236 2581 1383 2656 sublidiis
1403 2587 1688 2682 interpretationis
1711 2585 1837 2658 dollri·

359 2683 435 2754 nolio
450 2685 545 2756 Pacis
560 2681 748 2777 Religiusae
762 2707 796 2756 et
810 2681 1077 2778 Weslphalieae,
1101 2680 1250 2773 Wirceb·
1279 2703 1389 2774 1741,
1407 2707 1503 2779 ·quae
1526 2681 1706 2756 dillettatio
1721 2680 1835 2756 recuso

314 2778 316 2783 ’
358 2778 451 2854 ullor
476 2784 513 2853 in
541 2786 665 2854 Antan.
692 2788 911 2855 Sentitur
942 2778 1096 2853 thesauro
1121 2784 1191 2851 lur.
1222 2778 1343 2851 Eccles.
1364 2786 1469 2851 Tont.
1500 2807 1531 2856 1.
1554 2804 1629 2875 pag.
1652 2807 1737 2871 494.
1765 2779 1834 2880 seq.

360 2874 452 2953 confi
475 2886 765 2954 Auxanum
800 2883 1034 2951 Httntttsru
1061 2880 1309 2950 Commentatio
1341 2877 1498 2972 politico·
1520 2877 1653 2974 publiea
1686 2879 1726 2950 de
1754 2886 1835 2954 lure

361 2977 522 3075 Principis
533 2980 621 3049 cirea
639 2975 745 3060 sacta,
770 2976 975 3069 Bombergae
1002 3000 1035 3047 et
1055 2973 1266 3067 Wirceburg.
1295 2998 1400 3065 ¹77¹·
1424 2998 1501 3071 pag.
1520 3000 1580 3065 44.
1600 2970 1669 3072 seq.
1692 2974 1834 3056 Dolliff.

363 3072 485 3151 nostor
504 3076 608 3187 ΠΨ(
624 3072 761 3151 Discull.
777 3072 899 3150 Eccles.
917 3072 1042 3173 public.
1057 3068 1195 3145 Diseuls.
1214 3091 1239 3145 1.
1263 3068 1295 3169 d.
1317 3092 1418 3196 xxti·
1837 3112 1842 3119 ·

985 3306 1022 3391 ς.
1071 3300 1191 3377 Xlll.

463 3442 556 3511 Torn
570 3458 687 3531 vagam
704 3438 871 3533 nullisque
885 3434 968 3508 adeo
985 3433 1269 3532 circumscriptam
1286 3432 1448 3507 limitibus
1464 3432 1837 3513 conscientitelibetta·

363 3558 437 3619 tn,
469 3560 572 3635 quern
594 3532 814 3607 Protellttntes
834 3535 989 3605 hodierni
1012 3531 1189 3604 stabilitant
1215 3533 1348 3613 volunt,
1386 3535 1539 3605 inuenire
1564 3559 1630 3606 non
1660 3535 1755 3620 licet,
1792 3540 1834 3626 ι)

364 3637 392 3707 itt
408 3630 653 3709 Teonsodlione
678 3629 885 3705 Palsauienlt.
934 3636 1063 3702 Textua
1088 3631 1179 3702 illius
1199 3631 1265 3702 hue
1286 3625 1410 3702 faciens
1433 3628 1599 3727 sequentis
1619 3629 1664 3703 ell
1684 3635 1830 3710 tenoris:

363 3735 418 3807 “Et
441 3736 571 3818 lateres
593 3735 759 3828 temporis
783 3728 942 3803 Caesarea
967 3725 1144 3814 Maiestas,
1179 3732 1279 3810 Nos,
1316 3752 1351 3799 et
1372 3730 1462 3799 Sacri
1488 3730 1833 3826 lmperiilllellorea,

365 3832 549 3929 „Principes
565 3853 599 3901 er
614 3834 723 3901 Status
748 3830 878 3900 nullutn
896 3832 1099 3899 STATVM
1121 3824 1333 3918 Augustanue
1354 3820 1556 3899 Confeilioni
1582 3825 1753 3901 oddillutn
1768 3833 1835 3904 Re·

350 3928 508 4023 gligionia
524 3953 608 4020 ergo
624 3930 677 4008 vi,
702 3922 809 4008 fado,
837 3949 893 3996 out
908 3925 973 3995 alio
989 3925 1091 3995 modo
1108 3948 1223 3994 eontra
1239 3927 1310 3994 eius
1333 3921 1565 3996 conscientiam
1580 3950 1613 3998 et
1626 3927 1832 4000 voluntatem

363 4050 551 4121 „rogamus,
576 4023 792 4105 innodamus,
820 4024 1009 4104 laedamus,
1034 4046 1094 4093 neo
1109 4023 1141 4093 ei
1158 4021 1373 4116 imperando,
1408 4019 1475 4094 siue
1496 4023 1569 4094 aliis
1589 4026 1698 4096 modis
1713 4050 1833 4119 eapro-

357 4148 589 4221 „ptetlgrsues
612 4121 730 4205 fimus,
755 4145 877 4195 eumue
893 4116 1075 4215 despicatui
1093 4118 1292 4200 habeamus,
1323 4116 1378 4190 led
1399 4121 1432 4189 in
1454 4120 1516 4193 hac
1535 4118 1592 4193 sua
1612 4123 1775 4214 religione
1796 4142 1832 4196 et
1856 4170 1860 4175 -

357 4220 434 4307 „fide
449 4224 605 4319 quletum
620 4220 894 4315 relinquamus.‚,
945 4216 1013 4289 vbi
1036 4241 1079 4290 ne
1108 4215 1150 4288 de
1176 4215 1315 4288 lubdiris
1336 4216 1492 4313 quidem,
1527 4220 1766 4291 multominus
1788 4219 1833 4297 de

354 4318 520 4415 Religiofis
538 4319 605 4391 vlla
627 4320 774 4391 occurrit
789 4318 933 4399 mentio,
955 4312 1017 4387 'sed
1035 4337 1163 4386 tantum
1193 4314 1235 4387 de
1255 4312 1465 4408 Augullenae
1486 4312 1706 4392 Confeffionis
1726 4320 1833 4391 STA-

351 4420 501 4509 TlBVS,
528 4415 653 4516 quibua
670 4415 748 4491 solia
765 4413 983 4490 eonscientiae
1009 4412 1145 4488 libertas
1170 4410 1301 4486 remilla
1316 4410 1531 4511 conspicitur.

1144 4733 1251 4815 Fft
1320 4792 1323 4797 -
1454 4706 1459 4715 Ι
1673 4742 1831 4835 ΜΝ.
