<?xml version="1.0" encoding="UTF-8"?>
<!DOCTYPE html PUBLIC "-//W3C//DTD XHTML 1.0 Transitional//EN"
    "http://www.w3.org/TR/xhtml1/DTD/xhtml1-transitional.dtd">
<html xmlns="http://www.w3.org/1999/xhtml" xml:lang="en" lang="en">
 <head>
  <title>
</title>
<meta http-equiv="Content-Type" content="text/html;charset=utf-8" />
  <meta name='ocr-system' content='tesseract 3.04.00' />
  <meta name='ocr-capabilities' content='ocr_page ocr_carea ocr_par ocr_line ocrx_word'/>
</head>
<body>
  <div class='ocr_page' id='page_1' title='image "./thesavrvsivrise03schmgoog_0349.png"; bbox 0 0 4784 5550; ppageno 0'>
   <div class='ocr_carea' id='block_1_1' title="bbox 454 445 1857 571">
    <p class='ocr_par' dir='ltr' id='par_1_1' title="bbox 454 445 1857 571">
     <span class='ocr_line' id='line_1_1' title="bbox 454 445 1857 571; baseline 0.014 -41"><span class='ocrx_word' id='word_1_1' title='bbox 454 445 720 530; x_wconf 77' lang='lat' dir='ltr'>INSINUAT.</span> <span class='ocrx_word' id='word_1_2' title='bbox 739 446 950 539; x_wconf 78' lang='lat' dir='ltr'>PRIMAR.</span> <span class='ocrx_word' id='word_1_3' title='bbox 971 451 1180 532; x_wconf 80' lang='lat' dir='ltr'>PRECUM</span> <span class='ocrx_word' id='word_1_4' title='bbox 1202 451 1750 549; x_wconf 71' lang='lat' dir='ltr'>cAEsnR.NEcE881T.&amp;a</span> <span class='ocrx_word' id='word_1_5' title='bbox 1787 485 1857 571; x_wconf 80' lang='lat'>331</span> 
     </span>
    </p>
   </div>
   <div class='ocr_carea' id='block_1_2' title="bbox 314 630 1861 1134">
    <p class='ocr_par' dir='ltr' id='par_1_2' title="bbox 314 630 1861 1134">
     <span class='ocr_line' id='line_1_2' title="bbox 373 630 1848 745; baseline 0.01 -39"><span class='ocrx_word' id='word_1_6' title='bbox 373 635 559 731; x_wconf 79' lang='lat' dir='ltr'>„Qrimvit</span> <span class='ocrx_word' id='word_1_7' title='bbox 576 637 666 708; x_wconf 88' lang='lat' dir='ltr'>enim</span> <span class='ocrx_word' id='word_1_8' title='bbox 690 631 844 726; x_wconf 75' lang='lat' dir='ltr'>regulare</span> <span class='ocrx_word' id='word_1_9' title='bbox 861 630 897 702; x_wconf 83' lang='lat' dir='ltr'>fit</span> <span class='ocrx_word' id='word_1_10' title='bbox 914 637 947 702; x_wconf 90' lang='lat' dir='ltr'>in</span> <span class='ocrx_word' id='word_1_11' title='bbox 970 636 1084 729; x_wconf 80' lang='lat' dir='ltr'>gratiis</span> <span class='ocrx_word' id='word_1_12' title='bbox 1102 634 1142 706; x_wconf 88' lang='lat' dir='ltr'>ad</span> <span class='ocrx_word' id='word_1_13' title='bbox 1159 637 1346 725; x_wconf 83' lang='lat' dir='ltr'>Beneficia,</span> <span class='ocrx_word' id='word_1_14' title='bbox 1365 663 1422 724; x_wconf 85' lang='lat' dir='ltr'>ut,</span> <span class='ocrx_word' id='word_1_15' title='bbox 1438 640 1497 738; x_wconf 86' lang='lat' dir='ltr'>qui</span> <span class='ocrx_word' id='word_1_16' title='bbox 1514 642 1610 738; x_wconf 91' lang='lat' dir='ltr'>prior</span> <span class='ocrx_word' id='word_1_17' title='bbox 1627 641 1673 716; x_wconf 86' lang='lat' dir='ltr'>ell</span> <span class='ocrx_word' id='word_1_18' title='bbox 1693 669 1848 745; x_wconf 87' lang='lat' dir='ltr'>tempore</span> 
     </span>
     <span class='ocr_line' id='line_1_3' title="bbox 368 702 1860 899; baseline 0.01 -96"><span class='ocrx_word' id='word_1_19' title='bbox 368 731 509 830; x_wconf 74' lang='lat' dir='ltr'>„pot&#39;fltr</span> <span class='ocrx_word' id='word_1_20' title='bbox 523 729 671 827; x_wconf 80' lang='lat' dir='ltr'>litjure3</span> <span class='ocrx_word' id='word_1_21' title='bbox 696 728 781 802; x_wconf 85' lang='lat' dir='ltr'>fallit</span> <span class='ocrx_word' id='word_1_22' title='bbox 801 755 929 812; x_wconf 89' lang='lat' dir='ltr'>tamen,</span> <span class='ocrx_word' id='word_1_23' title='bbox 950 734 1018 899; x_wconf 54' lang='lat' dir='ltr'>opp</span> <span class='ocrx_word' id='word_1_24' title='bbox 1027 732 1068 802; x_wconf 92' lang='lat' dir='ltr'>de</span> <span class='ocrx_word' id='word_1_25' title='bbox 1090 738 1255 807; x_wconf 87' lang='lat' dir='ltr'>contraria</span> <span class='ocrx_word' id='word_1_26' title='bbox 1276 740 1440 836; x_wconf 86' lang='lat' dir='ltr'>Principia</span> <span class='ocrx_word' id='word_1_27' title='bbox 1458 739 1629 814; x_wconf 88' lang='lat' dir='ltr'>voluntate</span> <span class='ocrx_word' id='word_1_28' title='bbox 1645 742 1781 829; x_wconf 82' lang='lat' dir='ltr'>constet,</span> <span class='ocrx_word' id='word_1_29' title='bbox 1797 702 1860 844; x_wconf 72' lang='lat' dir='ltr'>qul</span> 
     </span>
     <span class='ocr_line' id='line_1_4' title="bbox 368 827 1861 932; baseline 0.012 -32"><span class='ocrx_word' id='word_1_30' title='bbox 368 855 458 928; x_wconf 84' lang='lat' dir='ltr'>„pro</span> <span class='ocrx_word' id='word_1_31' title='bbox 478 827 539 901; x_wconf 81' lang='lat' dir='ltr'>sua</span> <span class='ocrx_word' id='word_1_32' title='bbox 557 828 683 903; x_wconf 87' lang='lat' dir='ltr'>summa</span> <span class='ocrx_word' id='word_1_33' title='bbox 702 828 862 924; x_wconf 84' lang='lat' dir='ltr'>potestate</span> <span class='ocrx_word' id='word_1_34' title='bbox 891 853 969 924; x_wconf 88' lang='lat' dir='ltr'>pote</span> <span class='ocrx_word' id='word_1_35' title='bbox 1017 827 1238 925; x_wconf 84' lang='lat' dir='ltr'>posteriorem</span> <span class='ocrx_word' id='word_1_36' title='bbox 1266 860 1469 931; x_wconf 76' lang='lat' dir='ltr'>anteponere</span> <span class='ocrx_word' id='word_1_37' title='bbox 1496 840 1626 932; x_wconf 89' lang='lat' dir='ltr'>priori;</span> <span class='ocrx_word' id='word_1_38' title='bbox 1653 841 1684 914; x_wconf 82' lang='lat' dir='ltr'>dt</span> <span class='ocrx_word' id='word_1_39' title='bbox 1706 843 1786 919; x_wconf 88' lang='lat' dir='ltr'>dum</span> <span class='ocrx_word' id='word_1_40' title='bbox 1804 869 1861 918; x_wconf 82' lang='lat' dir='ltr'>an·</span> 
     </span>
     <span class='ocr_line' id='line_1_5' title="bbox 366 924 1860 1034; baseline 0.009 -32"><span class='ocrx_word' id='word_1_41' title='bbox 366 931 543 1024; x_wconf 85' lang='lat' dir='ltr'>„teponit,</span> <span class='ocrx_word' id='word_1_42' title='bbox 565 924 711 1026; x_wconf 79' lang='lat' dir='ltr'>expresse</span> <span class='ocrx_word' id='word_1_43' title='bbox 735 928 769 997; x_wconf 94' lang='lat' dir='ltr'>id</span> <span class='ocrx_word' id='word_1_44' title='bbox 793 926 1012 1009; x_wconf 83' lang='lat' dir='ltr'>declarando,</span> <span class='ocrx_word' id='word_1_45' title='bbox 1034 953 1101 998; x_wconf 86' lang='lat' dir='ltr'>uon</span> <span class='ocrx_word' id='word_1_46' title='bbox 1122 930 1274 1003; x_wconf 88' lang='lat' dir='ltr'>censetor</span> <span class='ocrx_word' id='word_1_47' title='bbox 1299 937 1449 1029; x_wconf 87' lang='lat' dir='ltr'>priorem</span> <span class='ocrx_word' id='word_1_48' title='bbox 1476 938 1616 1026; x_wconf 83' lang='lat' dir='ltr'>gratiam</span> <span class='ocrx_word' id='word_1_49' title='bbox 1640 944 1772 1034; x_wconf 79' lang='lat' dir='ltr'>penitus</span> <span class='ocrx_word' id='word_1_50' title='bbox 1802 941 1860 1016; x_wconf 71' lang='lat' dir='ltr'>tb-</span> 
     </span>
     <span class='ocr_line' id='line_1_6' title="bbox 314 1025 1855 1134; baseline 0.009 -38"><span class='ocrx_word' id='word_1_51' title='bbox 314 1051 316 1060; x_wconf 62' lang='lat'><strong>¹</strong></span> <span class='ocrx_word' id='word_1_52' title='bbox 366 1025 484 1110; x_wconf 89' lang='lat' dir='ltr'>„olere</span> <span class='ocrx_word' id='word_1_53' title='bbox 499 1025 552 1098; x_wconf 82' lang='lat' dir='ltr'>tel</span> <span class='ocrx_word' id='word_1_54' title='bbox 570 1050 750 1107; x_wconf 84' lang='lat' dir='ltr'>revocare,</span> <span class='ocrx_word' id='word_1_55' title='bbox 772 1029 853 1119; x_wconf 88' lang='lat' dir='ltr'>quin</span> <span class='ocrx_word' id='word_1_56' title='bbox 873 1031 999 1117; x_wconf 89' lang='lat' dir='ltr'>patitur</span> <span class='ocrx_word' id='word_1_57' title='bbox 1015 1026 1106 1096; x_wconf 87' lang='lat' dir='ltr'>illam</span> <span class='ocrx_word' id='word_1_58' title='bbox 1131 1053 1267 1102; x_wconf 90' lang='lat' dir='ltr'>manere</span> <span class='ocrx_word' id='word_1_59' title='bbox 1293 1028 1440 1113; x_wconf 80' lang='lat' dir='ltr'>silvam,</span> <span class='ocrx_word' id='word_1_60' title='bbox 1467 1055 1504 1104; x_wconf 91' lang='lat' dir='ltr'>ut</span> <span class='ocrx_word' id='word_1_61' title='bbox 1527 1032 1616 1104; x_wconf 88' lang='lat' dir='ltr'>illiua</span> <span class='ocrx_word' id='word_1_62' title='bbox 1637 1041 1771 1129; x_wconf 85' lang='lat' dir='ltr'>vigore,</span> <span class='ocrx_word' id='word_1_63' title='bbox 1795 1043 1855 1134; x_wconf 89' lang='lat' dir='ltr'>qui</span> 
     </span>
    </p>
   </div>
   <div class='ocr_carea' id='block_1_3' title="bbox 366 1121 1996 1226">
    <p class='ocr_par' dir='ltr' id='par_1_3' title="bbox 366 1121 1996 1226">
     <span class='ocr_line' id='line_1_7' title="bbox 366 1121 1996 1226; baseline 0.01 -30"><span class='ocrx_word' id='word_1_64' title='bbox 366 1145 548 1219; x_wconf 79' lang='lat' dir='ltr'>„tempore</span> <span class='ocrx_word' id='word_1_65' title='bbox 575 1127 671 1218; x_wconf 92' lang='lat' dir='ltr'>prior</span> <span class='ocrx_word' id='word_1_66' title='bbox 694 1122 781 1208; x_wconf 84' lang='lat' dir='ltr'>suit,</span> <span class='ocrx_word' id='word_1_67' title='bbox 810 1121 908 1221; x_wconf 84' lang='lat' dir='ltr'>possit</span> <span class='ocrx_word' id='word_1_68' title='bbox 935 1146 1109 1221; x_wconf 84' lang='lat' dir='ltr'>acceptare</span> <span class='ocrx_word' id='word_1_69' title='bbox 1134 1125 1225 1199; x_wconf 87' lang='lat' dir='ltr'>aliud</span> <span class='ocrx_word' id='word_1_70' title='bbox 1245 1125 1449 1204; x_wconf 84' lang='lat' dir='ltr'>Beneficium</span> <span class='ocrx_word' id='word_1_71' title='bbox 1477 1129 1537 1205; x_wconf 88' lang='lat' dir='ltr'>sub</span> <span class='ocrx_word' id='word_1_72' title='bbox 1555 1137 1667 1226; x_wconf 73' lang='lat' dir='ltr'>gratia</span> <span class='ocrx_word' id='word_1_73' title='bbox 1685 1132 1742 1209; x_wconf 85' lang='lat' dir='ltr'>sut</span> <span class='ocrx_word' id='word_1_74' title='bbox 1765 1160 1856 1212; x_wconf 84' lang='lat' dir='ltr'>totu·</span> <span class='ocrx_word' id='word_1_75' title='bbox 1984 1121 1996 1138; x_wconf 59' lang='grc'><strong>’</strong></span> 
     </span>
    </p>
   </div>
   <div class='ocr_carea' id='block_1_4' title="bbox 314 1217 1238 1457">
    <p class='ocr_par' dir='ltr' id='par_1_4' title="bbox 314 1217 1238 1457">
     <span class='ocr_line' id='line_1_8' title="bbox 314 1217 607 1336; baseline 0 -38"><span class='ocrx_word' id='word_1_76' title='bbox 314 1255 318 1336; x_wconf 77' lang='lat' dir='ltr'>j.</span> <span class='ocrx_word' id='word_1_77' title='bbox 365 1217 607 1320; x_wconf 77' lang='lat' dir='ltr'>„prehensum</span> 
     </span>
     <span class='ocr_line' id='line_1_9' title="bbox 992 1352 1238 1457; baseline 0.008 -26"><span class='ocrx_word' id='word_1_78' title='bbox 992 1352 1026 1457; x_wconf 69' lang='lat' dir='ltr'>I.</span> <span class='ocrx_word' id='word_1_79' title='bbox 1074 1355 1238 1433; x_wconf 87' lang='lat' dir='ltr'>XXIII.</span> 
     </span>
    </p>
   </div>
   <div class='ocr_carea' id='block_1_5' title="bbox 313 1522 1941 3776">
    <p class='ocr_par' dir='ltr' id='par_1_5' title="bbox 314 1522 1856 1920">
     <span class='ocr_line' id='line_1_10' title="bbox 314 1522 1854 1624; baseline 0.009 -32"><span class='ocrx_word' id='word_1_80' title='bbox 314 1523 324 1592; x_wconf 80' lang='lat' dir='ltr'>i</span> <span class='ocrx_word' id='word_1_81' title='bbox 481 1522 647 1599; x_wconf 88' lang='lat' dir='ltr'>Similiter</span> <span class='ocrx_word' id='word_1_82' title='bbox 671 1545 840 1623; x_wconf 86' lang='lat' dir='ltr'>quotquot</span> <span class='ocrx_word' id='word_1_83' title='bbox 861 1526 1057 1624; x_wconf 85' lang='lat' dir='ltr'>Diplomtta</span> <span class='ocrx_word' id='word_1_84' title='bbox 1084 1532 1226 1601; x_wconf 87' lang='lat' dir='ltr'>Precum</span> <span class='ocrx_word' id='word_1_85' title='bbox 1252 1528 1404 1603; x_wconf 83' lang='lat' dir='ltr'>invenire</span> <span class='ocrx_word' id='word_1_86' title='bbox 1427 1527 1540 1612; x_wconf 89' lang='lat' dir='ltr'>licuit,</span> <span class='ocrx_word' id='word_1_87' title='bbox 1571 1526 1613 1602; x_wconf 89' lang='lat' dir='ltr'>de</span> <span class='ocrx_word' id='word_1_88' title='bbox 1634 1525 1854 1606; x_wconf 84' lang='lat' dir='ltr'>insinuatione</span> 
     </span>
     <span class='ocr_line' id='line_1_11' title="bbox 363 1620 1856 1722; baseline -0.001 -22"><span class='ocrx_word' id='word_1_89' title='bbox 363 1620 522 1700; x_wconf 74' lang='lat' dir='ltr'>Precistis</span> <span class='ocrx_word' id='word_1_90' title='bbox 536 1621 748 1697; x_wconf 82' lang='lat' dir='ltr'>incumbente</span> <span class='ocrx_word' id='word_1_91' title='bbox 773 1627 927 1721; x_wconf 77' lang='lat' dir='ltr'>equidem</span> <span class='ocrx_word' id='word_1_92' title='bbox 945 1628 1048 1697; x_wconf 88' lang='lat' dir='ltr'>altum</span> <span class='ocrx_word' id='word_1_93' title='bbox 1067 1624 1171 1706; x_wconf 80' lang='lat' dir='ltr'>filent.</span> <span class='ocrx_word' id='word_1_94' title='bbox 1222 1632 1315 1699; x_wconf 81' lang='lat' dir='ltr'>Nem</span> <span class='ocrx_word' id='word_1_95' title='bbox 1337 1653 1412 1722; x_wconf 81' lang='lat' dir='ltr'>quae</span> <span class='ocrx_word' id='word_1_96' title='bbox 1430 1653 1505 1700; x_wconf 90' lang='lat' dir='ltr'>ante</span> <span class='ocrx_word' id='word_1_97' title='bbox 1530 1627 1774 1722; x_wconf 76' lang='lat' dir='ltr'>expeditionem</span> <span class='ocrx_word' id='word_1_98' title='bbox 1800 1634 1856 1700; x_wconf 92' lang='lat' dir='ltr'>ln·</span> 
     </span>
     <span class='ocr_line' id='line_1_12' title="bbox 364 1718 1853 1822; baseline 0.001 -26"><span class='ocrx_word' id='word_1_99' title='bbox 364 1723 542 1796; x_wconf 80' lang='lat' dir='ltr'>doliorum</span> <span class='ocrx_word' id='word_1_100' title='bbox 566 1718 817 1794; x_wconf 85' lang='lat' dir='ltr'>Pontificiorum</span> <span class='ocrx_word' id='word_1_101' title='bbox 844 1749 998 1796; x_wconf 89' lang='lat' dir='ltr'>emanare</span> <span class='ocrx_word' id='word_1_102' title='bbox 1023 1723 1190 1810; x_wconf 85' lang='lat' dir='ltr'>solebant,</span> <span class='ocrx_word' id='word_1_103' title='bbox 1229 1723 1455 1797; x_wconf 81' lang='lat' dir='ltr'>diverfislimat</span> <span class='ocrx_word' id='word_1_104' title='bbox 1482 1724 1581 1822; x_wconf 88' lang='lat' dir='ltr'>plane</span> <span class='ocrx_word' id='word_1_105' title='bbox 1605 1725 1635 1795; x_wconf 75' lang='lat' dir='ltr'>dt</span> <span class='ocrx_word' id='word_1_106' title='bbox 1660 1725 1853 1798; x_wconf 80' lang='lat' dir='ltr'>arbitrariae</span> 
     </span>
     <span class='ocr_line' id='line_1_13' title="bbox 363 1815 1852 1920; baseline 0.002 -28"><span class='ocrx_word' id='word_1_107' title='bbox 363 1815 530 1894; x_wconf 76' lang='lat' dir='ltr'>formulae</span> <span class='ocrx_word' id='word_1_108' title='bbox 548 1827 726 1894; x_wconf 90' lang='lat' dir='ltr'>continent.</span> <span class='ocrx_word' id='word_1_109' title='bbox 782 1825 865 1915; x_wconf 71' lang='lat' dir='ltr'>Qua</span> <span class='ocrx_word' id='word_1_110' title='bbox 883 1848 963 1893; x_wconf 87' lang='lat' dir='ltr'>vero</span> <span class='ocrx_word' id='word_1_111' title='bbox 978 1821 1188 1917; x_wconf 88' lang='lat' dir='ltr'>poslmodom</span> <span class='ocrx_word' id='word_1_112' title='bbox 1206 1823 1277 1895; x_wconf 88' lang='lat' dir='ltr'>dari</span> <span class='ocrx_word' id='word_1_113' title='bbox 1297 1848 1487 1920; x_wconf 77' lang='lat' dir='ltr'>caeperunt,</span> <span class='ocrx_word' id='word_1_114' title='bbox 1514 1823 1714 1918; x_wconf 85' lang='lat' dir='ltr'>plerumque</span> <span class='ocrx_word' id='word_1_115' title='bbox 1730 1824 1852 1896; x_wconf 87' lang='lat' dir='ltr'>eodem</span> 
     </span>
    </p>

    <p class='ocr_par' dir='ltr' id='par_1_6' title="bbox 328 1913 1848 2211">
     <span class='ocr_line' id='line_1_14' title="bbox 328 1913 1848 2016; baseline -0.001 -24"><span class='ocrx_word' id='word_1_116' title='bbox 328 1951 333 1958; x_wconf 94' lang='lat'>·</span> <span class='ocrx_word' id='word_1_117' title='bbox 361 1913 438 1992; x_wconf 68' lang='lat' dir='ltr'>sne</span> <span class='ocrx_word' id='word_1_118' title='bbox 464 1916 645 1988; x_wconf 81' lang='lat' dir='ltr'>verborum</span> <span class='ocrx_word' id='word_1_119' title='bbox 671 1942 786 1990; x_wconf 89' lang='lat' dir='ltr'>tenore</span> <span class='ocrx_word' id='word_1_120' title='bbox 808 1919 1092 2016; x_wconf 80' lang='lat' dir='ltr'>concipiebantut.</span> <span class='ocrx_word' id='word_1_121' title='bbox 1142 1925 1181 1990; x_wconf 91' lang='lat' dir='ltr'>In</span> <span class='ocrx_word' id='word_1_122' title='bbox 1204 1929 1332 1992; x_wconf 82' lang='lat' dir='ltr'>neutris</span> <span class='ocrx_word' id='word_1_123' title='bbox 1355 1944 1466 1992; x_wconf 88' lang='lat' dir='ltr'>autem</span> <span class='ocrx_word' id='word_1_124' title='bbox 1492 1917 1637 2015; x_wconf 75' lang='lat' dir='ltr'>expressa</span> <span class='ocrx_word' id='word_1_125' title='bbox 1663 1919 1848 1992; x_wconf 86' lang='lat' dir='ltr'>insinuandi</span> 
     </span>
     <span class='ocr_line' id='line_1_15' title="bbox 360 2013 1847 2115; baseline -0.001 -25"><span class='ocrx_word' id='word_1_126' title='bbox 360 2015 527 2110; x_wconf 77' lang='lat' dir='ltr'>obligatio</span> <span class='ocrx_word' id='word_1_127' title='bbox 545 2013 693 2086; x_wconf 84' lang='lat' dir='ltr'>Preeislia</span> <span class='ocrx_word' id='word_1_128' title='bbox 714 2020 912 2113; x_wconf 77' lang='lat' dir='ltr'>injungitur.</span> <span class='ocrx_word' id='word_1_129' title='bbox 965 2019 1027 2088; x_wconf 86' lang='lat' dir='ltr'>Sed</span> <span class='ocrx_word' id='word_1_130' title='bbox 1046 2017 1128 2088; x_wconf 87' lang='lat' dir='ltr'>nihil</span> <span class='ocrx_word' id='word_1_131' title='bbox 1143 2042 1324 2115; x_wconf 87' lang='lat' dir='ltr'>propterea</span> <span class='ocrx_word' id='word_1_132' title='bbox 1338 2018 1497 2113; x_wconf 83' lang='lat' dir='ltr'>ponderis</span> <span class='ocrx_word' id='word_1_133' title='bbox 1515 2014 1667 2088; x_wconf 74' lang='lat' dir='ltr'>dedullts</span> <span class='ocrx_word' id='word_1_134' title='bbox 1685 2014 1847 2088; x_wconf 71' lang='lat' dir='ltr'>ltaslenut</span> 
     </span>
     <span class='ocr_line' id='line_1_16' title="bbox 363 2113 1847 2211; baseline 0 -25"><span class='ocrx_word' id='word_1_135' title='bbox 363 2116 574 2208; x_wconf 71' lang='lat' dir='ltr'>tegumentis</span> <span class='ocrx_word' id='word_1_136' title='bbox 591 2113 731 2194; x_wconf 83' lang='lat' dir='ltr'>decedit.</span> <span class='ocrx_word' id='word_1_137' title='bbox 780 2119 853 2211; x_wconf 89' lang='lat' dir='ltr'>lpla</span> <span class='ocrx_word' id='word_1_138' title='bbox 873 2141 962 2186; x_wconf 89' lang='lat' dir='ltr'>cmm</span> <span class='ocrx_word' id='word_1_139' title='bbox 980 2117 1049 2186; x_wconf 82' lang='lat' dir='ltr'>ltaec</span> <span class='ocrx_word' id='word_1_140' title='bbox 1067 2117 1279 2209; x_wconf 85' lang='lat' dir='ltr'>Diplomata‚</span> <span class='ocrx_word' id='word_1_141' title='bbox 1300 2140 1377 2188; x_wconf 90' lang='lat' dir='ltr'>cum</span> <span class='ocrx_word' id='word_1_142' title='bbox 1392 2117 1432 2185; x_wconf 86' lang='lat' dir='ltr'>ad</span> <span class='ocrx_word' id='word_1_143' title='bbox 1449 2114 1603 2210; x_wconf 77' lang='lat' dir='ltr'>Capituli</span> <span class='ocrx_word' id='word_1_144' title='bbox 1628 2113 1847 2187; x_wconf 83' lang='lat' dir='ltr'>Ecclestarum</span> 
     </span>
    </p>

    <p class='ocr_par' dir='ltr' id='par_1_7' title="bbox 314 2208 1941 2308">
     <span class='ocr_line' id='line_1_17' title="bbox 314 2208 1941 2308; baseline -0.002 -24"><span class='ocrx_word' id='word_1_145' title='bbox 314 2287 317 2308; x_wconf 40' lang='grc' dir='ltr'>Ι</span> <span class='ocrx_word' id='word_1_146' title='bbox 357 2211 409 2284; x_wconf 78' lang='lat' dir='ltr'>vel</span> <span class='ocrx_word' id='word_1_147' title='bbox 436 2215 638 2284; x_wconf 76' lang='lat' dir='ltr'>ordinarint</span> <span class='ocrx_word' id='word_1_148' title='bbox 659 2236 878 2306; x_wconf 83' lang='lat' dir='ltr'>quoscunque</span> <span class='ocrx_word' id='word_1_149' title='bbox 900 2215 1078 2285; x_wconf 86' lang='lat' dir='ltr'>collatoret</span> <span class='ocrx_word' id='word_1_150' title='bbox 1104 2235 1161 2286; x_wconf 85' lang='lat' dir='ltr'>tut</span> <span class='ocrx_word' id='word_1_151' title='bbox 1178 2214 1365 2285; x_wconf 84' lang='lat' dir='ltr'>collatrieee</span> <span class='ocrx_word' id='word_1_152' title='bbox 1390 2214 1461 2284; x_wconf 88' lang='lat' dir='ltr'>dari</span> <span class='ocrx_word' id='word_1_153' title='bbox 1484 2215 1517 2284; x_wconf 83' lang='lat' dir='ltr'>dt</span> <span class='ocrx_word' id='word_1_154' title='bbox 1541 2208 1673 2281; x_wconf 84' lang='lat' dir='ltr'>inscribi</span> <span class='ocrx_word' id='word_1_155' title='bbox 1694 2210 1845 2294; x_wconf 88' lang='lat' dir='ltr'>soleant,</span> <span class='ocrx_word' id='word_1_156' title='bbox 1937 2259 1941 2264; x_wconf 93' lang='lat'>-</span> 
     </span>
    </p>

    <p class='ocr_par' dir='ltr' id='par_1_8' title="bbox 314 2305 1846 2601">
     <span class='ocr_line' id='line_1_18' title="bbox 314 2305 1846 2404; baseline -0.002 -22"><span class='ocrx_word' id='word_1_157' title='bbox 314 2311 320 2388; x_wconf 78' lang='lat' dir='ltr'>l</span> <span class='ocrx_word' id='word_1_158' title='bbox 360 2309 446 2382; x_wconf 76' lang='lat' dir='ltr'>hanc</span> <span class='ocrx_word' id='word_1_159' title='bbox 461 2307 571 2381; x_wconf 85' lang='lat' dir='ltr'>secum</span> <span class='ocrx_word' id='word_1_160' title='bbox 590 2305 841 2383; x_wconf 77' lang='lat' dir='ltr'>insinuationem</span> <span class='ocrx_word' id='word_1_161' title='bbox 866 2315 962 2384; x_wconf 86' lang='lat' dir='ltr'>tacite</span> <span class='ocrx_word' id='word_1_162' title='bbox 982 2308 1075 2382; x_wconf 79' lang='lat' dir='ltr'>fimul</span> <span class='ocrx_word' id='word_1_163' title='bbox 1092 2310 1288 2398; x_wconf 77' lang='lat' dir='ltr'>involvunt3</span> <span class='ocrx_word' id='word_1_164' title='bbox 1322 2332 1522 2404; x_wconf 79' lang='lat' dir='ltr'>nequeunte</span> <span class='ocrx_word' id='word_1_165' title='bbox 1546 2305 1628 2380; x_wconf 83' lang='lat' dir='ltr'>visat</span> <span class='ocrx_word' id='word_1_166' title='bbox 1655 2306 1767 2380; x_wconf 84' lang='lat' dir='ltr'>literas</span> <span class='ocrx_word' id='word_1_167' title='bbox 1787 2331 1846 2381; x_wconf 79' lang='lat' dir='ltr'>eoa</span> 
     </span>
     <span class='ocr_line' id='line_1_19' title="bbox 362 2403 1845 2504; baseline -0.003 -26"><span class='ocrx_word' id='word_1_168' title='bbox 362 2407 526 2501; x_wconf 77' lang='lat' dir='ltr'>obligant.</span> <span class='ocrx_word' id='word_1_169' title='bbox 576 2407 701 2478; x_wconf 84' lang='lat' dir='ltr'>Eadem</span> <span class='ocrx_word' id='word_1_170' title='bbox 717 2431 827 2480; x_wconf 88' lang='lat' dir='ltr'>autem</span> <span class='ocrx_word' id='word_1_171' title='bbox 846 2413 896 2482; x_wconf 83' lang='lat' dir='ltr'>via</span> <span class='ocrx_word' id='word_1_172' title='bbox 913 2407 957 2479; x_wconf 88' lang='lat' dir='ltr'>esl</span> <span class='ocrx_word' id='word_1_173' title='bbox 978 2410 1093 2497; x_wconf 79' lang='lat' dir='ltr'>taciti,</span> <span class='ocrx_word' id='word_1_174' title='bbox 1121 2433 1157 2480; x_wconf 88' lang='lat' dir='ltr'>ac</span> <span class='ocrx_word' id='word_1_175' title='bbox 1170 2403 1320 2503; x_wconf 80' lang='lat' dir='ltr'>expreffi.</span> <span class='ocrx_word' id='word_1_176' title='bbox 1369 2411 1416 2479; x_wconf 81' lang='lat' dir='ltr'>Ea</span> <span class='ocrx_word' id='word_1_177' title='bbox 1435 2405 1570 2504; x_wconf 89' lang='lat' dir='ltr'>insuper</span> <span class='ocrx_word' id='word_1_178' title='bbox 1584 2403 1752 2477; x_wconf 13' lang='lat' dir='ltr'>&#39;Beneficia</span> <span class='ocrx_word' id='word_1_179' title='bbox 1769 2429 1845 2477; x_wconf 88' lang='lat' dir='ltr'>tan.</span> 
     </span>
     <span class='ocr_line' id='line_1_20' title="bbox 360 2499 1843 2601; baseline 0 -23"><span class='ocrx_word' id='word_1_180' title='bbox 360 2527 433 2578; x_wconf 84' lang='lat' dir='ltr'>mm</span> <span class='ocrx_word' id='word_1_181' title='bbox 453 2499 727 2601; x_wconf 77' lang='lat' dir='ltr'>praesentantibus</span> <span class='ocrx_word' id='word_1_182' title='bbox 753 2506 885 2578; x_wconf 86' lang='lat' dir='ltr'>easdem</span> <span class='ocrx_word' id='word_1_183' title='bbox 912 2501 1060 2578; x_wconf 89' lang='lat' dir='ltr'>conferri</span> <span class='ocrx_word' id='word_1_184' title='bbox 1084 2508 1270 2601; x_wconf 86' lang='lat' dir='ltr'>imperant,</span> <span class='ocrx_word' id='word_1_185' title='bbox 1295 2529 1370 2601; x_wconf 82' lang='lat' dir='ltr'>quar</span> <span class='ocrx_word' id='word_1_186' title='bbox 1392 2503 1468 2576; x_wconf 77' lang='lat' dir='ltr'>tslu</span> <span class='ocrx_word' id='word_1_187' title='bbox 1488 2509 1671 2577; x_wconf 85' lang='lat' dir='ltr'>etiamnum</span> <span class='ocrx_word' id='word_1_188' title='bbox 1692 2509 1843 2578; x_wconf 83' lang='lat' dir='ltr'>vacantia</span> 
     </span>
    </p>

    <p class='ocr_par' dir='ltr' id='par_1_9' title="bbox 323 2677 1844 2899">
     <span class='ocr_line' id='line_1_21' title="bbox 323 2677 1842 2793; baseline -0.003 -18"><span class='ocrx_word' id='word_1_189' title='bbox 323 2677 329 2694; x_wconf 46' lang='lat'><em>⁸</em></span> <span class='ocrx_word' id='word_1_190' title='bbox 359 2699 502 2775; x_wconf 81' lang='lat' dir='ltr'>sctttataa</span> <span class='ocrx_word' id='word_1_191' title='bbox 517 2698 620 2771; x_wconf 90' lang='lat' dir='ltr'>modo</span> <span class='ocrx_word' id='word_1_192' title='bbox 634 2699 814 2787; x_wconf 83' lang='lat' dir='ltr'>vacabunt,</span> <span class='ocrx_word' id='word_1_193' title='bbox 833 2707 880 2774; x_wconf 89' lang='lat' dir='ltr'>uti</span> <span class='ocrx_word' id='word_1_194' title='bbox 896 2700 995 2775; x_wconf 86' lang='lat' dir='ltr'>verba</span> <span class='ocrx_word' id='word_1_195' title='bbox 1007 2697 1190 2773; x_wconf 89' lang='lat' dir='ltr'>eorundem</span> <span class='ocrx_word' id='word_1_196' title='bbox 1205 2697 1391 2771; x_wconf 79' lang='lat' dir='ltr'>luculenter</span> <span class='ocrx_word' id='word_1_197' title='bbox 1407 2697 1481 2768; x_wconf 86' lang='lat' dir='ltr'>satia</span> <span class='ocrx_word' id='word_1_198' title='bbox 1497 2699 1720 2793; x_wconf 84' lang='lat' dir='ltr'>eloquuntur:</span> <span class='ocrx_word' id='word_1_199' title='bbox 1746 2705 1842 2781; x_wconf 75' lang='lat' dir='ltr'>„Vos</span> 
     </span>
     <span class='ocr_line' id='line_1_22' title="bbox 358 2793 1844 2899; baseline -0.001 -27"><span class='ocrx_word' id='word_1_200' title='bbox 358 2799 600 2885; x_wconf 80' lang='lat' dir='ltr'>„adhortantes</span> <span class='ocrx_word' id='word_1_201' title='bbox 622 2798 674 2875; x_wconf 78' lang='lat' dir='ltr'>dt.</span> <span class='ocrx_word' id='word_1_202' title='bbox 690 2846 700 2871; x_wconf 89' lang='lat'><strong>.</strong></span> <span class='ocrx_word' id='word_1_203' title='bbox 715 2850 744 2872; x_wconf 87' lang='lat'>..</span> <span class='ocrx_word' id='word_1_204' title='bbox 758 2852 765 2872; x_wconf 91' lang='lat'><strong><em>.</em></strong></span> <span class='ocrx_word' id='word_1_205' title='bbox 779 2805 1007 2899; x_wconf 82' lang='lat' dir='ltr'>requirentes,</span> <span class='ocrx_word' id='word_1_206' title='bbox 1039 2820 1077 2868; x_wconf 89' lang='lat' dir='ltr'>ut</span> <span class='ocrx_word' id='word_1_207' title='bbox 1102 2794 1304 2868; x_wconf 83' lang='lat' dir='ltr'>Beneficium</span> <span class='ocrx_word' id='word_1_208' title='bbox 1328 2793 1657 2875; x_wconf 76' lang='lat' dir='ltr'>Ecclefiallicum...,</span> <span class='ocrx_word' id='word_1_209' title='bbox 1671 2798 1705 2865; x_wconf 83' lang='lat' dir='ltr'>itt</span> <span class='ocrx_word' id='word_1_210' title='bbox 1731 2797 1844 2871; x_wconf 82' lang='lat' dir='ltr'>Eccle-</span> 
     </span>
    </p>

    <p class='ocr_par' dir='ltr' id='par_1_10' title="bbox 314 2892 1845 3093">
     <span class='ocr_line' id='line_1_23' title="bbox 314 2892 1842 2991; baseline 0.001 -26"><span class='ocrx_word' id='word_1_211' title='bbox 314 2918 319 2965; x_wconf 85' lang='lat' dir='ltr'>t</span> <span class='ocrx_word' id='word_1_212' title='bbox 358 2894 424 2983; x_wconf 77' lang='lat' dir='ltr'>„lia</span> <span class='ocrx_word' id='word_1_213' title='bbox 440 2893 568 2979; x_wconf 82' lang='lat' dir='ltr'>tellra,</span> <span class='ocrx_word' id='word_1_214' title='bbox 594 2896 684 2989; x_wconf 86' lang='lat' dir='ltr'>quod</span> <span class='ocrx_word' id='word_1_215' title='bbox 706 2898 745 2968; x_wconf 90' lang='lat' dir='ltr'>ad</span> <span class='ocrx_word' id='word_1_216' title='bbox 767 2906 889 2991; x_wconf 64' lang='lat' dir='ltr'>prolem</span> <span class='ocrx_word' id='word_1_217' title='bbox 914 2898 967 2986; x_wconf 93' lang='lat' dir='ltr'>(id</span> <span class='ocrx_word' id='word_1_218' title='bbox 992 2892 1056 2974; x_wconf 79' lang='lat' dir='ltr'>est,</span> <span class='ocrx_word' id='word_1_219' title='bbox 1081 2919 1188 2976; x_wconf 88' lang='lat' dir='ltr'>nunc,</span> <span class='ocrx_word' id='word_1_220' title='bbox 1211 2898 1269 2965; x_wconf 90' lang='lat' dir='ltr'>ubi</span> <span class='ocrx_word' id='word_1_221' title='bbox 1293 2894 1452 2990; x_wconf 90' lang='lat' dir='ltr'>Dipluma</span> <span class='ocrx_word' id='word_1_222' title='bbox 1475 2892 1706 2989; x_wconf 76' lang='lat' dir='ltr'>presentatum</span> <span class='ocrx_word' id='word_1_223' title='bbox 1725 2893 1842 2966; x_wconf 78' lang='lat' dir='ltr'>adeor</span> 
     </span>
     <span class='ocr_line' id='line_1_24' title="bbox 358 2989 1845 3093; baseline -0.003 -28"><span class='ocrx_word' id='word_1_224' title='bbox 358 2992 564 3093; x_wconf 81' lang='lat' dir='ltr'>„loquitur)</span> <span class='ocrx_word' id='word_1_225' title='bbox 587 2991 650 3065; x_wconf 80' lang='lat' dir='ltr'>fite</span> <span class='ocrx_word' id='word_1_226' title='bbox 673 3000 807 3088; x_wconf 83' lang='lat' dir='ltr'>proxime</span> <span class='ocrx_word' id='word_1_227' title='bbox 826 2989 1208 3090; x_wconf 83' lang='lat' dir='ltr'>quomodolibet....in</span> <span class='ocrx_word' id='word_1_228' title='bbox 1226 3015 1426 3088; x_wconf 87' lang='lat' dir='ltr'>quocunque</span> <span class='ocrx_word' id='word_1_229' title='bbox 1449 2989 1560 3063; x_wconf 89' lang='lat' dir='ltr'>mense</span> <span class='ocrx_word' id='word_1_230' title='bbox 1577 3013 1694 3061; x_wconf 74' lang='lat' dir='ltr'>uacare</span> <span class='ocrx_word' id='word_1_231' title='bbox 1712 2997 1845 3083; x_wconf 83' lang='lat' dir='ltr'>contige·</span> 
     </span>
    </p>

    <p class='ocr_par' dir='ltr' id='par_1_11' title="bbox 314 3085 1845 3263">
     <span class='ocr_line' id='line_1_25' title="bbox 314 3085 1845 3263; baseline -0.003 1"><span class='ocrx_word' id='word_1_232' title='bbox 314 3180 316 3233; x_wconf 74' lang='lat'><em>³</em></span> <span class='ocrx_word' id='word_1_233' title='bbox 361 3086 752 3263; x_wconf 49' lang='lat' dir='ltr'>modialis*</span> <span class='ocrx_word' id='word_1_234' title='bbox 769 3086 1653 3263; x_wconf 62' lang='lat' dir='ltr'>lillis*l:llll³2¹llxillf⁰lll‘Ill</span> <span class='ocrx_word' id='word_1_235' title='bbox 1670 3085 1845 3259; x_wconf 61' lang='lat' dir='ltr'>{lili</span> 
     </span>
    </p>

    <p class='ocr_par' dir='ltr' id='par_1_12' title="bbox 313 3215 1844 3578">
     <span class='ocr_line' id='line_1_26' title="bbox 313 3215 1844 3385; baseline -0.004 -24"><span class='ocrx_word' id='word_1_236' title='bbox 313 3278 317 3297; x_wconf 69' lang='lat'>¹</span> <span class='ocrx_word' id='word_1_237' title='bbox 366 3285 606 3385; x_wconf 73' lang='lat' dir='ltr'>provisionem,</span> <span class='ocrx_word' id='word_1_238' title='bbox 633 3311 732 3380; x_wconf 90' lang='lat' dir='ltr'>quam</span> <span class='ocrx_word' id='word_1_239' title='bbox 744 3215 893 3382; x_wconf 71' lang='lat' dir='ltr'>¹ipsemet</span> <span class='ocrx_word' id='word_1_240' title='bbox 912 3280 1163 3375; x_wconf 81' lang='lat' dir='ltr'>Augullillimua</span> <span class='ocrx_word' id='word_1_241' title='bbox 1179 3288 1370 3381; x_wconf 81' lang='lat' dir='ltr'>Imperator</span> <span class='ocrx_word' id='word_1_242' title='bbox 1386 3236 1474 3355; x_wconf 77' lang='lat' dir='ltr'>hlud</span> <span class='ocrx_word' id='word_1_243' title='bbox 1492 3280 1647 3356; x_wconf 68' lang='lat' dir='ltr'>adseclae.</span> <span class='ocrx_word' id='word_1_244' title='bbox 1699 3264 1844 3355; x_wconf 72' lang='lat' dir='ltr'>Solenne</span> 
     </span>
     <span class='ocr_line' id='line_1_27' title="bbox 367 3380 1842 3545; baseline -0.005 -88"><span class='ocrx_word' id='word_1_245' title='bbox 367 3408 475 3459; x_wconf 74' lang='lat' dir='ltr'>ntem</span> <span class='ocrx_word' id='word_1_246' title='bbox 499 3383 670 3455; x_wconf 88' lang='lat' dir='ltr'>Mandatis</span> <span class='ocrx_word' id='word_1_247' title='bbox 685 3386 840 3457; x_wconf 83' lang='lat' dir='ltr'>omnibus</span> <span class='ocrx_word' id='word_1_248' title='bbox 860 3384 924 3464; x_wconf 88' lang='lat' dir='ltr'>ell,</span> <span class='ocrx_word' id='word_1_249' title='bbox 951 3382 1041 3478; x_wconf 93' lang='lat' dir='ltr'>quod</span> <span class='ocrx_word' id='word_1_250' title='bbox 1061 3381 1242 3477; x_wconf 87' lang='lat' dir='ltr'>Rescriptia</span> <span class='ocrx_word' id='word_1_251' title='bbox 1261 3380 1400 3479; x_wconf 86' lang='lat' dir='ltr'>Juslitiae</span> <span class='ocrx_word' id='word_1_252' title='bbox 1417 3404 1552 3453; x_wconf 82' lang='lat' dir='ltr'>eatenus</span> <span class='ocrx_word' id='word_1_253' title='bbox 1573 3380 1842 3545; x_wconf 65' lang='lat' dir='ltr'>equiparentur,</span> 
     </span>
     <span class='ocr_line' id='line_1_28' title="bbox 368 3475 1843 3578; baseline -0.002 -25"><span class='ocrx_word' id='word_1_254' title='bbox 368 3480 586 3555; x_wconf 73' lang='lat' dir='ltr'>&amp;tantuma</span> <span class='ocrx_word' id='word_1_255' title='bbox 610 3506 762 3578; x_wconf 86' lang='lat' dir='ltr'>tempore</span> <span class='ocrx_word' id='word_1_256' title='bbox 786 3482 1046 3577; x_wconf 73' lang='lat' dir='ltr'>presentationis</span> <span class='ocrx_word' id='word_1_257' title='bbox 1074 3477 1130 3551; x_wconf 91' lang='lat' dir='ltr'>seu</span> <span class='ocrx_word' id='word_1_258' title='bbox 1154 3475 1378 3551; x_wconf 78' lang='lat' dir='ltr'>insinuationis</span> <span class='ocrx_word' id='word_1_259' title='bbox 1402 3476 1560 3550; x_wconf 70' lang='lat' dir='ltr'>effessum</span> <span class='ocrx_word' id='word_1_260' title='bbox 1587 3501 1648 3548; x_wconf 91' lang='lat' dir='ltr'>con</span> <span class='ocrx_word' id='word_1_261' title='bbox 1664 3500 1843 3571; x_wconf 85' lang='lat' dir='ltr'>equantut.</span> 
     </span>
    </p>

    <p class='ocr_par' dir='ltr' id='par_1_13' title="bbox 313 3562 1843 3776">
     <span class='ocr_line' id='line_1_29' title="bbox 313 3562 1843 3745; baseline -0.001 -96"><span class='ocrx_word' id='word_1_262' title='bbox 313 3562 328 3745; x_wconf 55' lang='lat' dir='ltr'>p</span> <span class='ocrx_word' id='word_1_263' title='bbox 367 3580 519 3676; x_wconf 85' lang='lat' dir='ltr'>Denique</span> <span class='ocrx_word' id='word_1_264' title='bbox 537 3577 663 3650; x_wconf 88' lang='lat' dir='ltr'>nonnisi</span> <span class='ocrx_word' id='word_1_265' title='bbox 685 3606 801 3651; x_wconf 88' lang='lat' dir='ltr'>vacans</span> <span class='ocrx_word' id='word_1_266' title='bbox 819 3582 871 3652; x_wconf 86' lang='lat' dir='ltr'>vel</span> <span class='ocrx_word' id='word_1_267' title='bbox 893 3600 1085 3652; x_wconf 88' lang='lat' dir='ltr'>vacaturum</span> <span class='ocrx_word' id='word_1_268' title='bbox 1109 3576 1246 3675; x_wconf 86' lang='lat' dir='ltr'>posthac</span> <span class='ocrx_word' id='word_1_269' title='bbox 1266 3574 1470 3652; x_wconf 85' lang='lat' dir='ltr'>BeneficIum</span> <span class='ocrx_word' id='word_1_270' title='bbox 1493 3575 1686 3676; x_wconf 82' lang='lat' dir='ltr'>acceptandi</span> <span class='ocrx_word' id='word_1_271' title='bbox 1704 3570 1843 3649; x_wconf 77' lang='lat' dir='ltr'>facolta-</span> 
     </span>
     <span class='ocr_line' id='line_1_30' title="bbox 369 3675 1063 3776; baseline 0.01 -27"><span class='ocrx_word' id='word_1_272' title='bbox 369 3698 430 3753; x_wconf 82' lang='lat' dir='ltr'>tem</span> <span class='ocrx_word' id='word_1_273' title='bbox 448 3678 572 3751; x_wconf 82' lang='lat' dir='ltr'>iisdem</span> <span class='ocrx_word' id='word_1_274' title='bbox 589 3675 739 3753; x_wconf 87' lang='lat' dir='ltr'>tribuunt</span> <span class='ocrx_word' id='word_1_275' title='bbox 762 3678 1063 3776; x_wconf 65' lang='lat' dir='ltr'>&amp;impertiuntur-</span> 
     </span>
    </p>
   </div>
   <div class='ocr_carea' id='block_1_6' title="bbox 313 3840 1840 4253">
    <p class='ocr_par' dir='ltr' id='par_1_14' title="bbox 313 3840 1840 4253">
     <span class='ocr_line' id='line_1_31' title="bbox 313 3840 1221 3981; baseline 0 -18"><span class='ocrx_word' id='word_1_276' title='bbox 313 3840 318 3909; x_wconf 70' lang='lat' dir='ltr'>l</span> <span class='ocrx_word' id='word_1_277' title='bbox 971 3892 1004 3981; x_wconf 64' lang='lat' dir='ltr'>a.</span> <span class='ocrx_word' id='word_1_278' title='bbox 1054 3882 1221 3963; x_wconf 74' lang='lat' dir='ltr'>xxtt.</span> 
     </span>
     <span class='ocr_line' id='line_1_32' title="bbox 479 4050 1840 4154; baseline -0.003 -25"><span class='ocrx_word' id='word_1_279' title='bbox 479 4054 583 4154; x_wconf 75' lang='lat' dir='ltr'>Quod</span> <span class='ocrx_word' id='word_1_280' title='bbox 596 4076 706 4130; x_wconf 84' lang='lat' dir='ltr'>autern</span> <span class='ocrx_word' id='word_1_281' title='bbox 722 4079 760 4129; x_wconf 87' lang='lat' dir='ltr'>ex</span> <span class='ocrx_word' id='word_1_282' title='bbox 775 4054 895 4126; x_wconf 87' lang='lat' dir='ltr'>Literit</span> <span class='ocrx_word' id='word_1_283' title='bbox 912 4050 1068 4126; x_wconf 78' lang='lat' dir='ltr'>CesareIa</span> <span class='ocrx_word' id='word_1_284' title='bbox 1085 4078 1141 4127; x_wconf 88' lang='lat' dir='ltr'>aut</span> <span class='ocrx_word' id='word_1_285' title='bbox 1157 4054 1360 4150; x_wconf 86' lang='lat' dir='ltr'>Diplomaria</span> <span class='ocrx_word' id='word_1_286' title='bbox 1383 4057 1523 4127; x_wconf 84' lang='lat' dir='ltr'>Precum</span> <span class='ocrx_word' id='word_1_287' title='bbox 1544 4050 1661 4125; x_wconf 86' lang='lat' dir='ltr'>inferri</span> <span class='ocrx_word' id='word_1_288' title='bbox 1681 4076 1743 4147; x_wconf 89' lang='lat' dir='ltr'>per</span> <span class='ocrx_word' id='word_1_289' title='bbox 1761 4074 1840 4125; x_wconf 65' lang='lat' dir='ltr'>cone</span> 
     </span>
     <span class='ocr_line' id='line_1_33' title="bbox 375 4148 1837 4253; baseline -0.005 -24"><span class='ocrx_word' id='word_1_290' title='bbox 375 4148 568 4253; x_wconf 80' lang='lat' dir='ltr'>sequentiam</span> <span class='ocrx_word' id='word_1_291' title='bbox 594 4159 750 4227; x_wconf 80' lang='lat' dir='ltr'>duntaxat</span> <span class='ocrx_word' id='word_1_292' title='bbox 770 4151 893 4248; x_wconf 88' lang='lat' dir='ltr'>potesl,</span> <span class='ocrx_word' id='word_1_293' title='bbox 926 4153 958 4222; x_wconf 91' lang='lat' dir='ltr'>id</span> <span class='ocrx_word' id='word_1_294' title='bbox 983 4152 1113 4224; x_wconf 86' lang='lat' dir='ltr'>disertis</span> <span class='ocrx_word' id='word_1_295' title='bbox 1136 4155 1245 4225; x_wconf 84' lang='lat' dir='ltr'>verbis</span> <span class='ocrx_word' id='word_1_296' title='bbox 1264 4154 1376 4226; x_wconf 80' lang='lat' dir='ltr'>rursus</span> <span class='ocrx_word' id='word_1_297' title='bbox 1398 4159 1518 4225; x_wconf 83' lang='lat' dir='ltr'>Lirerte</span> <span class='ocrx_word' id='word_1_298' title='bbox 1535 4153 1779 4222; x_wconf 80' lang='lat' dir='ltr'>Ererutorialea</span> <span class='ocrx_word' id='word_1_299' title='bbox 1796 4149 1837 4222; x_wconf 91' lang='lat' dir='ltr'>ab</span> 
     </span>
    </p>
   </div>
   <div class='ocr_carea' id='block_1_7' title="bbox 377 4245 1838 4446">
    <p class='ocr_par' dir='ltr' id='par_1_15' title="bbox 377 4245 1838 4446">
     <span class='ocr_line' id='line_1_34' title="bbox 377 4245 1836 4347; baseline -0.005 -20"><span class='ocrx_word' id='word_1_300' title='bbox 377 4250 604 4326; x_wconf 70' lang='lat' dir='ltr'>iteratoribus</span> <span class='ocrx_word' id='word_1_301' title='bbox 623 4253 784 4324; x_wconf 90' lang='lat' dir='ltr'>Mandato</span> <span class='ocrx_word' id='word_1_302' title='bbox 802 4245 1251 4347; x_wconf 77' lang='lat' dir='ltr'>Augustilllmilmperatoris</span> <span class='ocrx_word' id='word_1_303' title='bbox 1270 4251 1453 4325; x_wconf 82' lang='lat' dir='ltr'>constitutis</span> <span class='ocrx_word' id='word_1_304' title='bbox 1469 4254 1498 4321; x_wconf 78' lang='lat' dir='ltr'>dt</span> <span class='ocrx_word' id='word_1_305' title='bbox 1515 4250 1715 4318; x_wconf 88' lang='lat' dir='ltr'>authoritate</span> <span class='ocrx_word' id='word_1_306' title='bbox 1731 4274 1836 4343; x_wconf 86' lang='lat' dir='ltr'>quon·</span> 
     </span>
     <span class='ocr_line' id='line_1_35' title="bbox 379 4346 1838 4446; baseline 0.002 -29"><span class='ocrx_word' id='word_1_307' title='bbox 379 4346 441 4421; x_wconf 86' lang='lat' dir='ltr'>dam</span> <span class='ocrx_word' id='word_1_308' title='bbox 459 4350 649 4446; x_wconf 87' lang='lat' dir='ltr'>Apollolica</span> <span class='ocrx_word' id='word_1_309' title='bbox 666 4352 802 4422; x_wconf 83' lang='lat' dir='ltr'>munitis</span> <span class='ocrx_word' id='word_1_310' title='bbox 825 4349 864 4419; x_wconf 91' lang='lat' dir='ltr'>ad</span> <span class='ocrx_word' id='word_1_311' title='bbox 886 4346 1084 4418; x_wconf 83' lang='lat' dir='ltr'>Ordinatios</span> <span class='ocrx_word' id='word_1_312' title='bbox 1102 4350 1173 4420; x_wconf 92' lang='lat' dir='ltr'>dari</span> <span class='ocrx_word' id='word_1_313' title='bbox 1191 4350 1294 4422; x_wconf 83' lang='lat' dir='ltr'>solitae</span> <span class='ocrx_word' id='word_1_314' title='bbox 1310 4354 1510 4443; x_wconf 80' lang='lat' dir='ltr'>exprimunt.</span> <span class='ocrx_word' id='word_1_315' title='bbox 1563 4351 1648 4415; x_wconf 89' lang='lat' dir='ltr'>Cum</span> <span class='ocrx_word' id='word_1_316' title='bbox 1669 4350 1756 4417; x_wconf 88' lang='lat' dir='ltr'>enirn</span> <span class='ocrx_word' id='word_1_317' title='bbox 1775 4349 1838 4420; x_wconf 84' lang='lat' dir='ltr'>hac</span> 
     </span>
    </p>
   </div>
   <div class='ocr_carea' id='block_1_8' title="bbox 313 4442 1969 5000">
    <p class='ocr_par' dir='ltr' id='par_1_16' title="bbox 313 4442 1969 5000">
     <span class='ocr_line' id='line_1_36' title="bbox 313 4442 1969 5000; baseline 0 -485"><span class='ocrx_word' id='word_1_318' title='bbox 313 4488 353 5000; x_wconf 52' lang='grc' dir='ltr'>ἱ</span> <span class='ocrx_word' id='word_1_319' title='bbox 380 4442 447 4523; x_wconf 90' lang='lat' dir='ltr'>inre</span> <span class='ocrx_word' id='word_1_320' title='bbox 466 4464 624 4547; x_wconf 74' lang='lat' dir='ltr'>tanquam</span> <span class='ocrx_word' id='word_1_321' title='bbox 647 4450 802 4544; x_wconf 78' lang='lat' dir='ltr'>Delegati</span> <span class='ocrx_word' id='word_1_322' title='bbox 822 4447 1040 4542; x_wconf 85' lang='lat' dir='ltr'>Imperatoria</span> <span class='ocrx_word' id='word_1_323' title='bbox 1053 4445 1250 4615; x_wconf 56' lang='lat' dir='ltr'>cupidenari</span> <span class='ocrx_word' id='word_1_324' title='bbox 1270 4448 1429 4532; x_wconf 87' lang='lat' dir='ltr'>debeant,</span> <span class='ocrx_word' id='word_1_325' title='bbox 1454 4468 1528 4540; x_wconf 76' lang='lat' dir='ltr'>que</span> <span class='ocrx_word' id='word_1_326' title='bbox 1545 4454 1578 4515; x_wconf 91' lang='lat' dir='ltr'>in</span> <span class='ocrx_word' id='word_1_327' title='bbox 1595 4445 1657 4518; x_wconf 86' lang='lat' dir='ltr'>hac</span> <span class='ocrx_word' id='word_1_328' title='bbox 1677 4445 1839 4615; x_wconf 61' lang='lat' dir='ltr'>qualitatp</span> <span class='ocrx_word' id='word_1_329' title='bbox 1966 4458 1969 4463; x_wconf 84' lang='lat'>&#39;</span> 
     </span>
     <span class='ocr_line' id='line_1_37' title="bbox 1139 4569 1813 4617; baseline -0.003 0"><span class='ocrx_word' id='word_1_330' title='bbox 1139 4569 1152 4617; x_wconf 90' lang='lat' dir='ltr'>t</span> <span class='ocrx_word' id='word_1_331' title='bbox 1181 4573 1200 4617; x_wconf 85' lang='lat'><em>2</em></span> <span class='ocrx_word' id='word_1_332' title='bbox 1796 4569 1813 4615; x_wconf 86' lang='lat' dir='ltr'>a</span> 
     </span>
    </p>
   </div>
   <div class='ocr_carea' id='block_1_9' title="bbox 0 0 2396 5550">
    <p class='ocr_par' dir='ltr' id='par_1_17' title="bbox 0 0 2396 5550">
     <span class='ocr_line' id='line_1_38' title="bbox 0 0 2396 5550; baseline 0 1"><span class='ocrx_word' id='word_1_333' title='bbox 0 0 2396 5550; x_wconf 95' lang='lat' dir='ltr'> </span> 
     </span>
    </p>
   </div>
   <div class='ocr_carea' id='block_1_10' title="bbox 359 2599 2001 2702">
    <p class='ocr_par' dir='ltr' id='par_1_18' title="bbox 359 2599 2001 2702">
     <span class='ocr_line' id='line_1_39' title="bbox 359 2599 2001 2702; baseline 0.002 -25"><span class='ocrx_word' id='word_1_334' title='bbox 359 2625 518 2702; x_wconf 88' lang='lat' dir='ltr'>tempore</span> <span class='ocrx_word' id='word_1_335' title='bbox 535 2599 794 2697; x_wconf 73' lang='lat' dir='ltr'>presentationis</span> <span class='ocrx_word' id='word_1_336' title='bbox 810 2605 992 2677; x_wconf 88' lang='lat' dir='ltr'>earundem</span> <span class='ocrx_word' id='word_1_337' title='bbox 1010 2605 1245 2685; x_wconf 83' lang='lat' dir='ltr'>inveniuntur,</span> <span class='ocrx_word' id='word_1_338' title='bbox 1270 2624 1327 2676; x_wconf 89' lang='lat' dir='ltr'>aut</span> <span class='ocrx_word' id='word_1_339' title='bbox 1344 2626 1419 2697; x_wconf 80' lang='lat' dir='ltr'>qua·</span> <span class='ocrx_word' id='word_1_340' title='bbox 1438 2601 1510 2696; x_wconf 88' lang='lat' dir='ltr'>post</span> <span class='ocrx_word' id='word_1_341' title='bbox 1525 2601 1658 2674; x_wconf 85' lang='lat' dir='ltr'>easdem</span> <span class='ocrx_word' id='word_1_342' title='bbox 1673 2601 1742 2695; x_wconf 85' lang='lat' dir='ltr'>jam</span> <span class='ocrx_word' id='word_1_343' title='bbox 1758 2621 1845 2699; x_wconf 68' lang='lat' dir='ltr'>pree</span> <span class='ocrx_word' id='word_1_344' title='bbox 1995 2649 2001 2660; x_wconf 90' lang='lat'>·</span> 
     </span>
    </p>
   </div>
  </div>
 </body>
</html>
