4784 5550
374 545 499 696 '94
636 561 1707 670 'nsrsstt'ttoutscuttstvn

446 774 651 868 secularibus:
676 772 773 857 elias,
798 769 1000 846 liHenerias
1021 770 1266 848 distinuionem
1286 770 1397 847 facete
1416 771 1568 847 voluillet
1588 777 1678 848 inter
1695 769 1830 867 cesum,
1861 795 1903 872 qo

320 933 329 946 .
451 874 593 946 clericus
611 873 756 968 litigaret
770 895 882 944 coram
892 877 994 965 judice
1008 872 1159 960 seculari,
1185 874 1217 946 dr
1238 877 1326 945 inter
1344 875 1446 944 alium
1463 869 1590 956 cesum,
1620 897 1689 970 quo
1709 897 1824 946 cotem
1833 877 1903 967 itali

369 1009 371 1016 ,
450 971 657 1060 erleſsaliite,
681 967 853 1069 specialius
870 972 931 1041 hoc
951 963 1156 1064 expreffillet.
1181 970 1233 1068 a.)
1251 975 1466 1140 Ersspeticulo
1489 971 1567 1042 mali
1589 971 1754 1068 exempli,
1780 973 1873 1068 quod
1887 969 1903 1030 '¹

452 1071 542 1140 dices
559 1067 726 1140 seculares
742 1066 782 1138 ab
801 1065 1028 1150 Ecclefiallicis
1051 1066 1180 1140 sumere
1203 1074 1297 1167 potui
1326 1090 1398 1151 ent,
1425 1066 1448 1139 st
1471 1067 1520 1138 illi
1546 1070 1683 1142 clericos
1701 1067 1851 1165 compuli
1879 1093 1903 1141 et

332 1165 335 1170 ’
453 1166 495 1238 sd
515 1165 692 1260 jurandum
712 1189 853 1261 propter
867 1165 1087 1236 calumniam:
1124 1167 1314 1240 &demum
1344 1162 1603 1260 3.)clarilstme,
1638 1193 1678 1238 ere
1696 1175 1829 1256 resecate
1844 1163 1903 1238 fine

446 1261 562 1345 versu,
584 1265 625 1335 de
641 1289 709 1359 quo
726 1262 823 1358 supra
839 1287 920 1332 nam.
944 1275 995 1332 τό.
1015 1264 1145 1355 &insta
1164 1289 1215 1351 3.,
1240 1263 1297 1334 ubi
1314 1265 1467 1336 hortatur
1488 1262 1646 1336 Honorias
1662 1261 1862 1360 Episcopus,
1893 1289 1903 1334 t

336 1383 340 1390 ·
450 1356 581 1432 sumant
601 1362 790 1459 exemplum
813 1358 853 1430 ab
881 1355 970 1454 ipso,
1004 1383 1203 1457 propterea,
1246 1362 1337 1458 quod
1359 1387 1458 1432 rorant
1480 1387 1511 1432 ee
1529 1361 1716 1457 juraverint
1735 1385 1847 1456 nuper
1866 1363 1903 1432 dt

451 1451 610 1554 Episcopi
626 1460 669 1530 de
688 1458 868 1530 calumnia:
892 1482 959 1527 non
982 1480 1137 1553 poterant
1154 1462 1243 1531 enim
1267 1456 1424 1555 Episcopi
1447 1459 1512 1530 hoc
1534 1461 1676 1542 imitati,
1701 1460 1754 1532 vel
1768 1459 1903 1551 allegati

452 1554 511 1626 nist
527 1551 679 1627 faciendo
694 1551 959 1649 clericosjurste
972 1561 1002 1626 itt
1019 1553 1084 1646 suis
1103 1561 1237 1647 jtdttiir.
1289 1561 1327 1628 C.
1348 1559 1411 1627 Sed
1434 1560 1566 1645 resecata
1582 1582 1647 1628 non
1668 1554 1824 1653 praestent
1838 1581 1903 1650 argi

452 1676 628 1736 mentum;
656 1675 732 1724 cum
753 1649 933 1724 'decretales
955 1647 1121 1723 sumenda
1143 1650 1225 1734 lint,
1259 1652 1349 1726 licuti
1363 1654 1481 1748 jacent.
1505 1658 1817 1726 Buusutctus
1840 1657 1903 1725 llll

452 1753 545 1823 Tom
584 1747 678 1824 tasui
692 1749 829 1820 Bullsrii
843 1747 970 1820 constit.
998 1777 1034 1818 tt
1045 1776 1076 1844 3.
1093 1748 1127 1846 p.
1145 1775 1179 1838 9.
1201 1750 1235 1822 dt
1255 1743 1347 1847 seqq.
1370 1755 1413 1823 D.
1430 1752 1470 1822 ad
1488 1757 1689 1822 evertendam
1707 1775 1764 1834 et,
1788 1775 1866 1848 quae
1885 1777 1903 1822 t

452 1844 644 1920 manserunt
669 1852 708 1921 C.
730 1846 770 1917 ad
793 1845 982 1948 illustranda
1001 1851 1051 1921 N.
1074 1872 1150 1919 nsm
1176 1852 1360 1938 adiuvanda
1379 1855 1638 1943 interpretationis
1654 1855 1759 1944 gratie
1780 1847 1903 1948 quotid

453 1943 636 2036 allegamus
656 1942 797 2018 decisam
817 1943 1036 2027 decretalem,
1069 1947 1180 2042 inquit
1207 1949 1593 2020 eanornttnuus
1616 1952 1723 2023 Tum.
1750 1973 1780 2030 t.
1798 1967 1903 2044 paga

454 2067 488 2124 7.
505 2045 632 2117 celant.
649 2069 683 2117 e.
696 2039 835 2117 Confer.
851 2047 1009 2120 Gencaiez
1023 2047 1216 2140 inapparatu
1232 2069 1316 2118 nam.
1339 2070 1399 2134 53.

619 2237 677 2303 ²5·
704 2216 745 2286 C.
769 2215 848 2285 Hoc
867 2235 949 2305 ergo
965 2211 1067 2284 modo
1083 2209 1260 2297 Honorias,
1311 2237 1348 2285 cr
1369 2207 1462 2285 illam
1484 2236 1585 2286 unam
1612 2211 1814 2287 decretalem
1829 2217 1903 2310 teat

452 2331 517 2383 cette
540 2305 621 2383 fecit
638 2317 877 2406 providentiam.
909 2309 960 2403 1.)
983 2317 1040 2383 Ne
1055 2311 1206 2398 [scalares
1222 2316 1254 2381 in
1276 2237 1414 2392 idholts,
1441 2309 1567 2384 &faro
1587 2314 1784 2385 inducerent
1806 2312 1903 2409 aliqui

451 2408 532 2479 noti
547 2429 651 2479 eontra
670 2406 746 2501 ipsis
768 2414 987 2500 Imperatorem
1008 2413 1106 2502 leges,
1139 2413 1173 2484 ld
1196 2411 1371 2497 desistentis
1395 2431 1536 2506 propter
1556 2410 1647 2507 quod
1662 2413 1860 2506 provocarit
1877 2433 1903 2484 e·

309 2533 321 2602 '.
452 2499 561 2603 ptelle
576 2504 616 2575 ad
634 2527 700 2575 eas.
752 2503 803 2594 a.)
829 2509 888 2578 Ne
912 2505 1042 2599 Episcopi
1062 2507 1096 2576 in
1112 2501 1178 2578 suis
1200 2506 1333 2601 judiciis
1356 2506 1599 2604 compellerent
1625 2507 1765 2579 clericos
1786 2505 1903 2602 adjut

454 2623 605 2675 metatum
621 2601 813 2684 calumnie,
839 2602 871 2673 dt
890 2598 931 2672 lic
945 2602 1070 2673 melum
1086 2605 1276 2700 exemplum
1292 2604 1408 2677 darent
1415 2606 1566 2698 judicibus
1580 2610 1681 2688 laicis,
1707 2605 1902 2701 pretendcn

455 2699 585 2797 paritor
600 2722 617 2769 c
634 2699 782 2782 clericis,
808 2696 831 2768 fi
857 2698 944 2795 epud
965 2697 1072 2797 ipsos,
1099 2720 1245 2796 tanquam
1259 2708 1392 2786 atores,
1430 2724 1680 2800 competerent,
1711 2701 1815 2776 hocce
1835 2701 1903 2775 sect

456 2818 619 2869 mentum.
642 2802 687 2871 D.
707 2793 875 2871 testeae:
904 2799 968 2870 hoc
990 2796 1035 2871 cst
1059 2825 1146 2871 nunc
1161 2825 1274 2872 mcum
1296 2796 1433 2896 systema
1457 2806 1493 2873 de
1516 2804 1595 2895 (eope
1616 2801 1716 2873 huius
1739 2799 1903 2874 decretali

457 2917 650 2992 quenquam
665 2918 773 2990 nuper
790 2899 823 2970 in
845 2895 907 2970 hec
930 2893 1087 2969 sententia
1104 2893 1246 2982 fuerim,
1280 2898 1371 2995 quod
1396 2904 1480 2971 unice
1500 2919 1621 2994 propter
1635 2899 1792 2990 seculares
1806 2920 1903 2973 eman

457 2993 546 3065 verit
567 2993 636 3067 hec
658 2997 879 3067 Honoritna:
913 2995 1037 3087 colligo
1058 2998 1147 3069 enim
1169 3020 1209 3067 er
1224 3021 1250 3069 e.
1271 3022 1304 3067 e.
1330 3021 1362 3083 3.
1383 3025 1417 3072 a.
1441 3022 1477 3079 r.
1499 3000 1529 3065 lt.
1548 3018 1589 3079 t.,
1621 3020 1695 3094 qun
1719 2992 1794 3073 sunt
1810 3004 1903 3091 Bagai

455 3091 576 3165 tlt&
597 3097 683 3164 Latii
706 3099 798 3184 tlt,
833 3092 923 3186 quod
944 3093 1012 3185 jam
1036 3094 1246 3191 temporibus
1274 3090 1411 3166 Honorii
1440 3096 1474 3166 itt
1498 3093 1630 3177 Gallia,
1663 3092 1839 3187 &anglie
1863 3118 1903 3191 pt

459 3183 575 3257 uitari
624 3191 789 3286 inceperit
835 3189 1017 3283 juramenti
1056 3192 1229 3266 calumniae
1270 3191 1397 3266 eraclio
1445 3217 1465 3266 a
1496 3190 1665 3290 judicibus
1715 3196 1809 3265 erute
1843 3198 1903 3267 ecel

450 3283 588 3377 natans.

1118 3507 1148 3590 §.
1211 3498 1286 3575 tv.

815 3646 1035 3771 Explicatur
1057 3662 1180 3725 textus
1194 3646 1234 3724 de
1256 3645 1360 3743 veeste
1372 3642 1420 3722 ad
1431 3643 1582 3742 perstaret.

516 3864 520 3879 ..
628 3811 684 3879 2⁶.
705 3806 743 3877 C.
766 3805 968 3878 Exordium:
1006 3808 1189 3878 tolerantes
1212 3809 1273 3882 iic.
1304 3800 1409 3900 usquc
1435 3809 1609 3886 terminari,
1642 3804 1744 3878 dicit:
1774 3807 1904 3910 gravier

458 3897 628 3992 questiones
649 3904 755 3972 debent
776 3911 996 3994 presumentem
1018 3907 1193 3990 Pontificem
1220 3909 1397 3975 terminari:
1427 3903 1484 3974 ubi
1498 3904 1562 3974 hoc
1585 3904 1739 3975 dixerunt
1759 3905 1903 4000 ptedcct

458 3994 550 4079 sores
565 3995 724 4071 Hraerttt
747 4002 792 4069 D.
815 4004 947 4074 Citstut
965 4008 1073 4103 Julius
1094 4010 1124 4074 l.
1144 4027 1231 4071 anno
1252 4026 1331 4094 337.
1356 4003 1389 4071 in
1410 4027 1480 4075 can.
1502 4006 1616 4071 dudam
1634 4028 1668 4089 9.
1686 4005 1749 4072 lll.
1764 4025 1799 4098 q.
1822 4010 1855 4076 6.
1872 4006 1903 4075 St

455 4092 625 4169 Hardaieto
646 4104 731 4171 Tem.
747 4106 778 4171 t.
797 4104 909 4172 concil.
926 4126 995 4194 pag.
1013 4111 1095 4184 556·
1110 4098 1156 4172 est
1172 4095 1252 4171 false
1267 4099 1453 4174 decretalis.
1502 4104 1579 4169 Nec
1598 4100 1719 4171 melior
1730 4124 1795 4171 cett.
1812 4126 1847 4183 5.
1865 4105 1903 4194 di

462 4220 516 4273 rr·
531 4219 569 4267 ex
584 4192 677 4292 epist.
699 4202 731 4270 6.
749 4203 866 4292 Pelagii
889 4204 936 4269 11.
953 4197 1042 4292 apud
1063 4198 1206 4271 cundem
1231 4204 1315 4270 Tam.
1342 4204 1410 4269 111.
1428 4221 1495 4293 pag.
1519 4225 1601 4273 aaa.
1623 4201 1740 4292 ltaque
1762 4197 1836 4291 lege
1862 4203 1903 4271 ili

398 4348 405 4359 .
462 4296 547 4362 Teste.
564 4301 592 4365 l.
612 4298 727 4369 Innoc.
741 4299 768 4365 1.
786 4292 881 4392 epill.
900 4322 929 4366 2.
956 4320 1027 4392 cap.
1050 4322 1082 4389 3.
1098 4294 1161 4368 ibi:
1192 4301 1226 4369 Si
1239 4316 1341 4367 atatem
1366 4298 1494 4386 majores
1513 4293 1602 4384 caasa
1623 4300 1802 4367 inmeditate
1816 4295 1903 4388 faeti

363 4474 366 4481 ,
457 4388 627 4470 &veluus
651 4398 692 4466 at
709 4398 814 4469 Sedete
828 4394 965 4486 Apellei.
984 4395 1063 4482 ficar
1082 4397 1204 4483 partas
1224 4393 1356 4483 statuit,
1378 4394 1440 4485 poli
1459 4392 1627 4487 Episcopale
1643 4396 1787 4480 iudicium
1803 4396 1903 4479 resera

303 4538 310 4545 -
459 4504 524 4557 tter.
571 4486 669 4560 Adde
692 4517 757 4567 ean.
782 4508 813 4566 6.
829 4491 898 4575 tta.
919 4521 973 4571 17·
996 4515 1034 4563 cr
1050 4489 1163 4562 libello
1184 4494 1316 4562 Ennodii
1336 4514 1400 4587 pto
1424 4493 1903 4580 transrhenanorum

457 4606 529 4680 ger.
545 4581 577 4671 I,
592 4608 663 4657 can.
685 4614 738 4678 5²·
754 4597 788 4683 §.
807 4619 826 4663 2
856 4590 949 4666 xvt.
965 4614 998 4686 q.
1025 4615 1055 4672 r.
1071 4589 1196 4664 Evolve
1212 4587 1327 4689 plures
1341 4589 1559 4664 authoritates
1580 4588 1669 4686 apud
1684 4590 1903 4664 Guttznut
