4784 5550
470 631 542 706 ψ
918 549 1664 698 otssnnrnT10,.'

1090 777 1123 862 s.
1176 771 1329 846 vat.

588 916 673 1010 Qtis
691 935 795 1008 porro
810 905 903 978 sonus
920 903 976 976 libi
994 905 1222 1000 persuadebit,
1248 907 1440 978 catholicos
1463 906 1603 1000 Imperii
1626 905 1795 990 Ordines,
1818 911 1883 1004 ,qui
1902 907 1944 986 se·

471 1017 535 1091 luti
561 1009 720 1084 Ecclesiae
739 1007 814 1080 suae
839 1029 905 1076 tum
922 1003 1077 1073 laudabili
1102 1001 1209 1072 lludio
1232 1005 1325 1074 nullo
1345 1030 1411 1072 non
1432 1026 1585 1098 tempore
1607 1005 1844 1097 inuigilnltent,
1875 1003 1946 1082 sure

471 1113 654 1202 Religionis
673 1107 901 1176 membrorum
921 1101 1003 1170 adeo
1019 1095 1111 1170 suilse
1125 1100 1266 1180 oblitos,
1292 1125 1327 1172 vt
1342 1107 1442 1170 etiem
1457 1101 1543 1172 bons
1564 1123 1598 1172 et
1613 1106 1686 1172 iure
1709 1105 1750 1172 iis
1769 1099 1936 1196 suffrrgrn·

470 1217 558 1285 ribus
576 1205 702 1297 legibus
743 1199 861 1272 uuesne
878 1221 936 1292 pet
955 1195 1059 1267 solum
1082 1221 1119 1266 ex
1144 1195 1360 1269 insollicicnte
1382 1200 1510 1268 rstiooe
1530 1199 1548 1284 (
1558 1209 1592 1276 ξ.
1608 1195 1739 1292 nutv.)
1761 1195 1933 1294 susceptum

469 1301 640 1381 transtom
657 1300 698 1370 ed
713 1228 809 1368 dliam
826 1294 1022 1384 religionem
1041 1295 1167 1378 amitti,
1193 1317 1226 1366 et
1241 1289 1502 1364 deficientibusr
1525 1291 1592 1365 fide
1609 1316 1643 1365 et
1657 1295 1779 1369 ordine
1800 1297 1931 1388 Religio·
1957 1359 1962 1370 .

469 1403 510 1477 sss
531 1404 604 1471 iure
617 1402 749 1490 legitime
762 1396 953 1468 renunciate
967 1395 1000 1460 in
1019 1395 1207 1486 proemium
1228 1387 1317 1487 quest
1333 1395 1382 1461 rei
1402 1388 1485 1462 bene
1504 1388 1612 1482 geslse
1626 1387 1754 1463 restitui
1777 1389 1932 1469 eonceffis·
1959 1459 1962 1470 ,

468 1499 563 1574 sent?
613 1499 722 1586 Quem
740 1513 858 1658 perum
883 1489 946 1560 hoc
962 1491 1064 1556 menti
1083 1483 1288 1559 summorum
1310 1485 1545 1560 Paciscentium
1568 1489 1763 1570 conueniet,
1792 1513 1883 1585 petet
1899 1513 1930 1568 et
1958 1558 1962 1566 ,

469 1591 680 1692 dispositione
694 1591 742 1658 Rc
758 1589 865 1659 erusti
882 1581 1113 1664 Ecclestsslici,
1140 1587 1171 1654 vi
1188 1589 1281 1654 cuius
1296 1583 1380 1654 bone
1393 1583 1560 1676 Religioni
1576 1583 1771 1658 catholicoe
1792 1589 1929 1682 proprie.

351 1767 354 1774 .
466 1719 502 1765 vt
518 1689 577 1788 tpst
595 1684 772 1782 sgnoscunr
785 1681 1023 1760 Proteslsntes,
1051 1679 1235 1774 Episcopus
1255 1679 1306 1750 nel
1326 1681 1494 1752 Praelettts
1510 1681 1708 1774 religionem
1723 1705 1857 1754 mutent
1868 1676 1929 1780 ipso
1959 1697 1962 1704 '

467 1795 540 1862 iure
558 1789 690 1857 omittit.
741 1779 795 1852 Asl
819 1785 890 1850 iura
914 1779 1216 1848 Commuortsobus
1235 1775 1456 1848 ecclesiuslicis
1477 1779 1648 1848 catholicis
1668 1777 1820 1870 legitime
1844 1801 1930 1874 quse·

467 1887 523 1959 fito
540 1909 604 1953 noo
621 1883 729 1948 minus
750 1877 933 1968 Religionis
949 1873 1130 1944 catholicoe
1146 1873 1279 1946 interesl
1296 1873 1377 1944 l’nrtn
1394 1871 1546 1970 telisque
1562 1871 1708 1959 serusri3
1738 1877 1820 1946 inde
1833 1899 1928 1974 neque

467 1981 577 2150 qpoupl
593 1977 891 2143 huecsslleligiolsom
911 1973 949 2040 od
968 1969 1196 2136 proltpllpntirp
1216 1969 1304 2083 secret
1322 1973 1362 2040 de
1384 1967 1490 2138 solip,
1524 1997 1589 2138 nup
1611 1997 1691 2084 ¹vern
1713 1971 1755 2044 de
1779 1975 1870 2066 inte,
1899 1995 1926 2048 tl

465 2106 486 2153 ο
517 2099 667 2150 enunte
705 2091 1035 2164 ,traneuutemqut
1063 2093 1161 2164 quum
1189 2091 1540 2164 ucrnrtprononuco
1586 2087 1645 2141 ult.

1069 2263 1097 2350 §.
1155 2257 1333 2332 XLVll.

579 2403 656 2470 Nec
670 2393 691 2465 st
701 2393 745 2462 ud
765 2387 911 2488 sequelss
929 2389 1065 2488 suscepti
1082 2418 1144 2488 pro
1160 2391 1266 2464 lubitu
1290 2389 1441 2464 transitus
1457 2391 1497 2462 sd
1512 2389 1711 2484 religionem
1727 2387 1923 2490 praestaro

463 2523 535 2572 csnt
560 2501 705 2564 snimom
731 2491 931 2570 odnerteris,
962 2491 1028 2560 vllo
1043 2491 1145 2560 inodo
1168 2515 1243 2560 eum
1265 2489 1504 2586 dispensatione
1526 2485 1643 2558 summi
1665 2487 1922 2580 Pontifirircont·

463 2597 593 2690 purotio
611 2585 776 2657 snosrllere
796 2584 911 2678 potell.
965 2591 1145 2655 Enimuero
1161 2613 1200 2656 ex
1222 2585 1384 2678 suscepto,
1412 2583 1477 2654 stne
1499 2589 1627 2654 ratione
1649 2581 1848 2667 sufficiente,
1871 2589 1922 2656 Re·

462 2693 595 2785 ligionis
620 2691 800 2756 mutatione
824 2687 963 2751 ntsxirnu
987 2706 1019 2754 et
1046 2683 1185 2752 dominil
1213 2707 1245 2754 et
1270 2679 1468 2777 possessionis
1490 2682 1691 2752 incertitudo
1719 2681 1879 2763 nascitur,
1906 2703 1922 2750 t

461 2814 527 2887 qus
548 2778 702 2881 proseilu
719 2807 755 2853 cx
777 2776 859 2849 soils
875 2786 965 2851 omni
986 2780 1132 2851 adhibito
1148 2784 1318 2857 cautione,
1352 2778 1461 2850 etoile
1484 2776 1607 2851 caussae
1626 2784 1835 2871 cognitione,
1865 2800 1920 2849 nte·

461 2908 601 2979 turaque
618 2884 665 2951 rei
683 2876 922 2972 ponderatione
941 2878 1071 2947 decerni
1088 2876 1180 2946 silita
1197 2874 1438 2970 dispensatione
1463 2902 1527 2947 non
1552 2876 1615 2957 esl,
1653 2880 1744 2973 quod
1775 2876 1869 2948 nobis
1889 2875 1922 2947 ti·

459 3004 608 3055 meamus
675 2982 768 3071 Qtac
787 2974 909 3043 summu
928 2978 1151 3043 dominiorum
1169 2998 1201 3042 cr
1213 2971 1409 3067 poll'effionis
1424 2974 1624 3043 incertitudo
1641 2997 1708 3044 tem
1722 2978 1922 3045 ciuictecon·

459 3081 594 3151 ditionis
612 3072 820 3147 hominibus,
850 3096 948 3163 quam
970 3070 1147 3141 illullribus
1166 3093 1199 3139 vt
1219 3096 1256 3139 ex
1278 3068 1351 3139 cosu
1373 3068 1469 3161 supra
1493 3068 1548 3163 (p.
1570 3072 1657 3161 ΙΙΙ.)
1678 3094 1836 3142 coartato
1854 3070 1922 3141 lllu·

458 3173 626 3247 strillimos
641 3172 788 3241 Comites
802 3167 842 3235 de
857 3164 1035 3239 Trucltless
1051 3191 1269 3237 concernente
1288 3166 1407 3245 elucet,
1418 3167 1509 3237 nullo
1524 3192 1590 3237 non
1606 3190 1761 3261 tempore
1777 3172 1842 3239 erit
1857 3190 1922 3261 per·

457 3266 665 3343 timescenda.
717 3266 860 3331 Euenire
879 3265 1004 3357 qnippe
1022 3261 1147 3355 potell,
1170 3286 1204 3333 et
1222 3266 1285 3331 ism
1308 3262 1436 3355 saepius
1454 3267 1584 3342 euenit,
1612 3286 1646 3335 vt
1665 3268 1921 3358 primogenitus,

458 3393 514 3441 eut
530 3370 556 3437 is
574 3388 674 3461 quem
690 3360 773 3431 ordo
789 3357 989 3429 successionis
1005 3355 1174 3449 tetigisset,
1201 3356 1435 3429 moonllcnum
1452 3360 1674 3449 ingredietur,
1711 3386 1857 3455 votoque
1880 3356 1922 3431 so·

456 3466 580 3539 lemnio
598 3480 785 3551 nuncupet,
808 3482 876 3550 quo
896 3454 1002 3533 ssslo,
1029 3453 1170 3539 secundo
1186 3480 1242 3525 sut
1262 3460 1363 3526 tertio
1379 3462 1508 3547 genitus
1524 3461 1554 3524 vi
1572 3458 1683 3548 legum
1698 3457 1858 3529 indubius
1874 3460 1922 3527 he·

456 3588 510 3633 res
526 3556 727 3631 conouliiom
744 3558 815 3623 iniit
832 3550 1004 3623 numerosa
1026 3549 1135 3623 subole
1151 3552 1301 3625 ditatum.
1359 3558 1428 3623 lom
1453 3551 1474 3621 st
1496 3556 1739 3645 primogenitus
1760 3555 1922 3646 Religioni
1947 3560 1954 3579 '

455 3686 518 3727 vos
539 3680 612 3725 cunt
632 3650 829 3720 monoller'to
851 3654 1006 3719 nuncium
1029 3652 1179 3725 minens,
1206 3648 1237 3719 se
1261 3654 1291 3715 vi
1317 3650 1498 3729 Religionis
1515 3657 1647 3719 nouiter
1669 3650 1848 3743 adoptatae
1871 3677 1909 3721 eo

455 3760 496 3823 ris
515 3778 579 3821 non
599 3754 738 3843 amplius
758 3746 914 3835 obllringi
934 3746 1078 3824 adseret,
1102 3744 1340 3839 consequenter
1362 3744 1588 3816 successionem
1606 3754 1639 3816 in
1657 3748 1743 3817 boot
1766 3749 1808 3819 eb
1830 3750 1922 3819 vltra·

456 3853 568 3943 genito
582 3850 695 3915 eiusne
720 3840 987 3913 descendentibus
1001 3866 1092 3913 certo
1108 3840 1234 3937 sperate
1254 3865 1288 3911 et
1306 3840 1349 3910 sm
1371 3840 1458 3913 sorte
1482 3866 1574 3936 poter
1595 3848 1629 3912 in
1646 3848 1731 3914 niuis
1758 3848 1866 3917 edlruc
1886 3842 1920 3915 lit

452 3952 486 4019 'et
503 3940 691 4041 possessione
710 3936 853 4019 cesserit,
881 3936 1011 4033 possessa
1031 3940 1238 4033 praetendet,
1264 3940 1297 4009 lo
1315 3936 1491 4009 secundum
1512 3942 1675 4035 principio
1691 3941 1921 4013 ororellnnr'nr

452 4042 581 4141 oppido
596 4060 691 4109 erunt
708 4036 918 4117 excludendi,
945 4042 1027 4107 ulter
1043 4060 1075 4107 vt
1092 4061 1123 4103 to
1142 4032 1363 4129 poll'effionem
1381 4042 1464 4107 mitti
1483 4034 1587 4129 possit.
1628 4038 1728 4133 Qrod
1745 4064 1850 4133 quem
1863 4040 1919 4111 ini·

451 4166 556 4239 quum
573 4136 607 4211 fir
627 4156 793 4231 quemque
811 4158 949 4207 amente
964 4138 1073 4225 legunt
1093 4132 1256 4213 clinnum,
1283 4136 1408 4205 nemini
1424 4158 1489 4205 noo
1505 4136 1539 4204 iu
1553 4138 1666 4207 oculos
1683 4138 1841 4212 incurrit.

1045 4320 1075 4423 t.
1126 4324 1332 4397 xuvtn.

456 4498 458 4503 v
564 4464 636 4531 Hes
658 4456 803 4551 sequelss
829 4456 897 4549 ipse
917 4456 1326 4529 Grns‘rurcnsnvs
1350 4454 1485 4528 diffiteri
1505 4458 1638 4555 nequit,
1678 4450 1760 4531 du'm
1775 4462 1921 4559 replicet

449 4552 497 4652 (Ι,
514 4578 601 4632 oxu.
622 4554 735 4629 luses.
757 4555 788 4629 d.
806 4552 1005 4643 Confirmlt
1039 4558 1196 4627 “Omnes
1220 4552 1408 4651 prseteusrs
1428 4560 1463 4629 iu
1484 4552 1619 4631 familiis
1642 4560 1789 4631 oriturus
1806 4558 1922 4743 οίιῑέιὶιῐξιειί

1643 4752 1646 4757 ,
1738 4716 1743 4721 ·
1790 4706 1817 4745 st
