4784 5550
462 657 534 749 μβ
919 636 1498 720 DISSERTATIO

466 827 537 926 ipsa
555 852 711 922 tanquam
728 825 889 898 terminus
905 822 1092 916 adfignetur
1106 821 1316 906 ordinariis,
1341 818 1413 918 poll
1432 844 1532 918 quem
1552 847 1618 896 non
1635 821 1787 897 licentiis
1801 825 1931 923 implius

469 925 734 1021 expellatiiariis
759 924 1013 1020 quibuscunque
1040 944 1139 992 etiam
1164 923 1347 992 anteriores
1370 920 1498 992 Litcras
1520 921 1718 992 habentibus
1743 922 1934 999 Beneficium

467 1023 603 1120 eliqund
621 1027 655 1093 in
677 1020 907 1119 prejudicium
925 1015 1142 1090 Precillarum
1163 1014 1341 1101 coiisetre3
1367 1041 1467 1114 sique
1485 1019 1548 1090 hoc
1573 1019 1647 1116 ipl'o
1670 1017 1766 1091 simul
1779 1021 1929 1112 oslenilii,

463 1125 697 1201 collationem,
723 1145 796 1213 que
809 1139 881 1187 mie
901 1123 1128 1204 infiscationem
1144 1117 1194 1187 vel
1212 1113 1476 1210 erpeilitivsriis
1493 1116 1691 1199 Pontificiis,
1719 1123 1771 1190 vel
1787 1121 1859 1190 aliis
1870 1123 1930 1214 qui·

464 1217 659 1312 buscutiqu'e
677 1215 762 1290 fiili
781 1211 902 1296 suerit,
926 1238 1083 1312 ianquim
1100 1213 1243 1285 validam
1263 1211 1356 1284 limul
1374 1212 1408 1282 di
1424 1209 1609 1294 efficacem,
1637 1213 1700 1286 five
1721 1215 1931 1290 irreirillabir

463 1316 530 1389 lem
551 1312 699 1406 agnosci,
725 1321 757 1384 iit
777 1313 906 1384 verbis:
930 1316 996 1392 ,Et
1011 1310 1101 1408 quod
1117 1315 1217 1381 etiam
1234 1307 1308 1406 poll
1324 1315 1444 1380 Datim
1462 1309 1662 1403 lingularum
1677 1337 1834 1406 priorum
1852 1317 1932 1387 bite·

462 1437 599 1498 „rerum
616 1410 800 1482 nollrirum
816 1406 968 1482 concesse
993 1432 1054 1502 per
1078 1404 1256 1504 prefatum
1278 1411 1402 1500 Regem
1425 1411 1543 1480 Preces
1589 1409 1733 1480 redistae
1750 1411 1784 1482 di
1802 1409 1932 1506 inpusle·

460 1535 562 1594 „rum
580 1509 796 1582 concedende
813 1506 1081 1605 quandocunque
1103 1531 1141 1576 ex
1163 1511 1212 1576 ilie
1225 1507 1431 1588 instructionis
1450 1433 1632 1578 eorundem
1649 1505 1749 1578 ciliis
1762 1510 1932 1582 collatori·

460 1609 547 1691 „bus
567 1608 599 1678 dr
623 1606 847 1678 collatricibus
870 1599 966 1674 facie¹
986 1602 1150 1676 Beneficii
1172 1600 1390 1674 Ecclcfiaslics
1412 1599 1471 1674 sub
1492 1603 1558 1674 illia
1576 1603 1846 1700 comprehense,
1878 1629 1933 1698 qu

460 1705 664 1798 „postmodum
688 1708 828 1774 hedenus
849 1723 1070 1789 vacaverunt,
1107 1701 1343 1794 &imposterum
1366 1723 1419 1794 pit
1439 1722 1570 1796 tempere
1593 1707 1768 1784 oacriiiiii,
1802 1700 1933 1778 &iniri

458 1803 585 1889 „unius
601 1797 718 1871 mensis
732 1797 894 1897 spacium,
919 1797 1093 1896 postquam
1112 1800 1244 1868 illatum
1260 1801 1389 1869 vicano
1404 1797 1487 1880 illis,
1514 1825 1578 1896 pro
1593 1799 1715 1894 quibus
1733 1806 1853 1873 Preces
1862 1799 1932 1896 ips!

458 1897 645 1992 „porreilae
663 1895 817 1979 fuerunt,
837 1899 888 1968 vel
908 1897 1112 1992 inpollerum
1132 1899 1364 1992 porrigentur,
1382 1919 1440 1965 aut
1458 1921 1576 1968 cuturn
1598 1899 1930 1970 Procuratoribusioi

457 2018 680 2083 „notuerunn
700 1995 751 2066 vel
769 1999 973 2066 innotuerint
991 1991 1217 2090 inposterum,
1243 1991 1368 2088 perse,
1393 1994 1444 2064 trel
1464 2019 1524 2087 per
1546 2021 1664 2066 eorum
1688 2001 1928 2080 Procuratores,

457 2117 646 2189 „receptori
674 2089 827 2172 suctuiit,
850 2092 884 2163 di
910 2091 1167 2186 acceptsbuntur
1186 2094 1221 2160 iii
1248 2088 1428 2172 futurum,
1457 2115 1574 2182 uigore
1596 2097 1734 2164 l'recum
1752 2095 1927 2186 Regicrum

457 2191 672 2285 „hujusmodi
695 2195 761 2272 cii,
779 2190 900 2286 quibua
916 2187 994 2283 ipse
1010 2183 1146 2260 fuerunt
1162 2211 1225 2283 pro
1238 2211 1392 2282 tempore
1407 2186 1561 2259 concellie
1578 2239 1587 2271 ,
1617 2189 1725 2286 dtqui
1747 2191 1807 2262 illa
1822 2187 1925 2276 hiasi

457 2313 543 2371 „nus
567 2312 801 2382 ecceptaruni,
829 2287 861 2358 dr
889 2281 1094 2381 inposletum
1118 2285 1355 2380 acceptabunt,
1380 2287 1651 2358 conserentur&
1678 2281 1924 2362 censeanturcs

457 2382 566 2467 „seila
586 2388 686 2465 adeo,
708 2409 744 2455 ut
765 2386 859 2454 alteri
876 2379 1042 2462 conserti,
1065 2381 1119 2452 seu
1134 2385 1213 2452 alias
1227 2383 1268 2452 de
1284 2383 1350 2451 illis
1372 2381 1501 2476 disponi
1517 2411 1549 2452 in
1567 2385 1921 2480 prejudicium-Preces

454 2481 565 2650 pipsas
563 2481 855 2648 1pbrcigqqqpndtiisiiqp
872 2479 1061 2646 qullaienup¹
1075 2487 1201 2644 quavisd
1207 2480 1376 2650 urdinprpa
1399 2479 1761 2650 auiitirititcstpotuerit
1784 2483 1846 2600 site
1859 2481 1920 2653 pog·

468 2603 536 2659 i.„
622 2605 631 2648 i
701 2605 708 2646 i
739 2603 759 2647 u
814 2599 1038 2648 euoanima
1066 2599 1177 2646 vcrten
1204 2603 1278 2658 um,
1303 2605 1336 2648 iii
1352 2601 1586 2651 inustionemi
1617 2607 1668 2652 ain
1714 2607 1867 2662 retiarii,

454 2600 717 2770 edcepiaiionem
736 2671 928 2770 subsequam
943 2670 1086 2745 liudiose
1101 2670 1278 2764 dillingiii,
1304 2676 1337 2746 dr
1357 2680 1465 2771 priori
1485 2677 1633 2758 nullum,
1659 2607 1836 2773 pdsteriori
1849 2699 1918 2750 vcro

453 2771 574 2847 merfis
591 2777 769 2845 terminum
789 2771 876 2844 adie
894 2774 1072 2843 vacationis
1088 2794 1172 2843 note
1188 2775 1454 2865 computandum
1474 2771 1624 2868 praefigi5
1649 2798 1707 2847 suc
1722 2780 1836 2870 potius
1849 2774 1918 2849 ficut

452 2868 572 2942 meniis
595 2869 734 2964 spatium
751 2868 822 2966 poll
839 2871 1044 2942 vocationem
1061 2892 1173 2939 notam
1190 2869 1337 2963 elapsum
1357 2874 1518 2942 terminus
1535 2872 1687 2945 liniendae
1701 2898 1739 2945 ea
1756 2872 1867 2947 saltem
1878 2874 1917 2945 tl·

451 2993 490 3040 ce
504 2966 715 3059 obligationis
733 2970 992 3037 ordinariorum
1009 2966 1181 3050 statuitur,
1209 2970 1252 3035 ita
1270 2965 1442 3036 insinuatio
1459 2992 1615 3063 tanquam
1634 2976 1796 3041 terminus
1811 2972 1917 3045 incho-

455 3066 549 3136 andae
575 3068 757 3137 eorundem
788 3066 998 3155 obligationis
1030 3064 1226 3153 adsignatur.
1281 3068 1802 3141 1’raetereainnncsurius
1829 3072 1915 3142 Vlll.

450 3166 580 3235 Literas
597 3162 637 3232 ab
655 3159 864 3233 Antecellore
882 3160 939 3230 suu
958 3167 996 3229 N
1009 3183 1018 3231 i
1032 3180 1180 3231 cobbo
1202 3166 1243 3234 V,
1263 3165 1461 3253 litipcratori
1480 3168 1533 3230 Fit
1548 3186 1748 3236 tbeitico
1768 3168 1832 3245 lli.
1849 3191 1916 3238 con·

449 3257 570 3339 cessas,
597 3257 918 3355 quas-insinuaiionis
937 3254 1093 3327 faciende
1112 3255 1265 3328 disertam
1291 3264 1492 3329 mencionem
1514 3255 1620 3331 seciil'c
1636 3288 1730 3334 antea
1760 3264 1914 3346 vidimus,

448 3352 635 3454 pleniffim'e
650 3354 760 3451 quoad
778 3358 945 3447 integrum
963 3353 1056 3425 suum
1073 3378 1245 3435 tenorem,
1273 3380 1309 3426 iic
1327 3356 1348 3425 fi
1365 3357 1406 3426 de
1426 3358 1529 3428 rerbo
1544 3360 1583 3428 ad
1603 3361 1741 3431 uerbum
1757 3358 1913 3456 expressus

448 3451 549 3534 essct,
574 3453 764 3537 confirmat,
791 3454 876 3525 dica
890 3453 1019 3533 omnia,
1046 3476 1118 3547 quae
1135 3452 1200 3523 illis
1216 3478 1283 3525 non
1296 3450 1425 3529 obllate
1445 3458 1697 3530 aNicobao
1718 3462 1761 3539 V,
1779 3459 1913 3533 dccliii·

451 3570 523 3625 ium
541 3547 625 3634 suit,
652 3578 710 3626 nec
725 3550 788 3626 suis
806 3549 934 3631 obslarc
949 3549 1107 3627 declarat·
1130 3550 1174 3653 s)

484 3815 525 3898 a)
546 3815 641 3881 coni.
656 3819 736 3899 apud
758 3818 873 3886 Clariis.
894 3821 932 3886 D.
949 3821 1188 3888 Wilimrwirtrt
1207 3823 1269 3887 loc.
1287 3823 1341 3886 cit.
1357 3841 1428 3905 pag.
1440 3834 1491 3905 98.
1510 3823 1559 3888 bis
1582 3824 1707 3889 verbist
1731 3822 1781 3889 Ui
1795 3824 1827 3889 iit
1843 3820 1911 3887 ille·

558 3900 690 3969 ,cutione
713 3919 972 3986 quorumcunque
990 3906 1217 3968 Beneficiorum
1240 3905 1542 3977 Ecclelialiicuium,
1564 3926 1823 3991 quarumcunque
1845 3925 1911 3989 qus·

560 3980 688 4053 litetum
706 3982 839 4057 fuerint,
857 3985 909 4049 sub
928 3988 1025 4049 literis
1043 3990 1087 4049 cis
1131 4007 1164 4048 er
1182 3990 1314 4050 eundern
1334 3988 1630 4053 blixtiitirniiuri
1653 3989 1774 4071 Regem
1789 3987 1912 4055 conces·

558 4060 598 4126 fis
622 4064 916 4143 comprehensorum
938 4070 1084 4131 omnibus
1101 4011 1132 4131 d
1151 4070 1279 4148 singulis
1301 4072 1565 4144 antelatiunibus,
1586 4073 1831 4155 ptaetogstivis,
1851 4070 1911 4134 De·

558 4148 676 4216 cretis,
701 4144 996 4222 Declaratinnibus,
1018 4150 1283 4231 luipeniiunibus,
1308 4156 1574 4232 exceptionibus,
1596 4149 1912 4236 derogationibus&

557 4227 703 4289 clausulis
723 4231 752 4289 iii
772 4232 1010 4309 quibuscunque
1028 4234 1124 4293 literis
1148 4234 1334 4293 facultatum
1361 4237 1542 4299 nominandi
1561 4238 1694 4316 praelato
1714 4235 1911 4303 Farosmco

442 4314 447 4321 '
503 4312 508 4323 '
555 4307 742 4389 Imperatori
760 4326 822 4373 tam
839 4331 894 4391 pet
913 4312 1012 4375 felicis
1029 4316 1258 4375 recordationis
1282 4316 1473 4379 birunnun
1496 4317 1606 4399 Papam
1625 4320 1781 4395 Quintum
1798 4366 1807 4395 ,
1824 4336 1912 4401 quin

556 4408 763 4473 quoscunque
782 4395 862 4455 alins
884 4392 1043 4459 Romanos
1063 4396 1232 4460 l‘ontistccs
1254 4396 1492 4474 predecessores
1507 4400 1631 4461 nostros
1653 4400 1823 4477 concedis,
1840 4419 1914 4483 qua-

555 4489 624 4530 rum
645 4477 786 4537 omniurn
813 4488 941 4537 tenores
964 4474 994 4537 δ’
1019 4475 1167 4549 aui-tius,
1194 4498 1229 4535 ac
1253 4479 1273 4537 ii
1295 4478 1332 4539 de
1355 4482 1453 4540 iulio
1474 4482 1661 4544 adverbum
1682 4480 1789 4545 inserti
1810 4482 1916 4546 forent

554 4553 778 4702 praesentibus,
800 4557 904 4621 haberi
923 4558 1073 4618 volumus
1091 4561 1325 4637 proexpitellis,
1348 4564 1502 4640 gurneie,
1524 4566 1569 4625 uti
1590 4564 1621 4625 lb
1646 4567 1743 4641 potiri
1768 4568 1867 4630 libere
1881 4562 1916 4629 dt

570 4633 643 4698 ‘cite
662 4638 788 4704 valeant
799 4642 832 4707 iii
849 4642 996 4707 omnibus
1016 4640 1048 4704 dc
1065 4659 1120 4725 per
1136 4644 1242 4706 omuis
1263 4644 1415 4724 perinde,
1428 4644 1501 4711 eali
1521 4650 1732 4712 autelatioiies
1744 4648 1917 4731 hujusmo-

1883 4728 1916 4799 ill
