4784 5550
474 623 542 704 ax
564 579 714 702 neris
739 619 886 709 runt„¹
907 563 1230 714 nnonnnrn,
1252 619 1323 700 tr
1347 543 1629 710 annitens.
1651 625 1720 704 ne,
1766 646 1843 731 η,
1977 701 1988 728 ,

359 801 515 906 erpreffia
529 802 659 879 rerbia:
676 800 991 878 '‘SiEceleliallieie
1008 797 1176 879 beneficiio
1187 797 1841 901 deficientatqueeontrafundatiooiate·

353 927 498 994 „norem
511 926 547 976 et
561 900 669 977 secr-oa
679 927 823 976 canones
836 925 952 998 agant,
975 924 1054 975 tune
1069 900 1438 998 reliquiaeoolefitllioit
1452 929 1519 975 non
1538 903 1668 978 ademta
1684 903 1722 980 lit
1736 903 1842 982 facul·

354 1027 427 1094 ,aaa
442 1001 617 1078 erereendi
632 1023 880 1098 competentem
895 998 953 1073 libi
970 997 1007 1072 su
1032 1001 1241 1074 erinrttatem
1258 1024 1294 1072 ae
1310 997 1596 1088 iuritdiidionem,
1620 1006 1763 1077 maxime
1777 1031 1840 1100 per

355 1109 607 1200 ,priuationem
634 1121 668 1172 et
690 1097 931 1196 depositionem
952 1098 997 1172 di'
1022 1121 1118 1172 arnon
1143 1093 1361 1195 personarum
1386 1113 1445 1171 nec
1476 1123 1542 1171 non
1569 1122 1632 1197 per
1651 1102 1840 1194 legitimam

357 1195 607 1296 „prouifionetn
621 1192 759 1270 luorum
774 1195 1017 1290 collegiorum.
1033 1243 1057 1280 „
1103 1197 1160 1268 Sin
1181 1219 1263 1268 vero
1285 1195 1444 1268 Praelatio
1462 1196 1628 1271 reseruata
1649 1197 1687 1271 stt
1700 1199 1842 1274 loritdi·

313 1289 320 1422 ἱ
356 1295 441 1380 llio,
474 1320 517 1368 ex
537 1293 641 1368 altera
657 1298 757 1367 etiam
780 1318 876 1391 parte
899 1291 1058 1368 lnbiellio
1080 1289 1169 1365 salua
1183 1291 1344 1462 ¹perlillrt
1367 1289 1492 1366 neoelle
1518 1292 1577 1368 eli.
1625 1299 1840 1372 limantem

313 1433 315 1464 1
358 1391 515 1490 Religioli
530 1389 761 1466 luritdiilioni
782 1389 918 1465 luorum
933 1393 1161 1466 Praelarorum

313 1467 322 1640 ἒ
360 1513 514 1596 utpote
525 1487 693 1577 obdriffl,
717 1513 918 1590 quoeunque
934 1495 1034 1566 etiam
1049 1492 1084 1563 in
1099 1487 1175 1562 loco
1196 1485 1383 1568 versentur.

972 1699 1010 1785 §.
1055 1694 1224 1772 'xvlll

465 1850 533 1946 ιν)
556 1851 597 1924 In
612 1846 766 1923 comitiis
786 1844 986 1942 Augustania
1000 1855 1042 1922 Α.
1063 1871 1170 1942 1559·
1185 1845 1379 1922 catholicoe
1395 1848 1567 1948 Principes
1584 1871 1619 1926 et
1633 1853 1744 1924 Stttnt
1759 1872 1839 1926 enm·

1197 1389 1339 1473 obsunt,
1363 1415 1463 1467 erunt
1477 1394 1726 1492 itaqneiitdem
1744 1397 1835 1471 otno'
1981 1401 1988 1414 ’

313 1941 320 1998 ‘⁵
361 1969 407 2028 n
424 1945 635 2048 penetensem
654 1949 901 2020 immunitatem
919 1945 1191 2044 Apollatrrunna
1216 1942 1283 2019 fide
1301 1969 1336 2019 et
1357 1947 1496 2030 ordine,
1520 1973 1585 2041 qua
1606 1947 1639 2022 le
1661 1973 1679 2021 a
1701 1948 1840 2044 prilline
1955 1959 1966 1984 '
2035 2033 2044 2042 ,

359 2043 561 2124 dobieffione
580 2041 794 2121 venditabant
810 2048 1000 2128 immunes,
1037 2043 1149 2144 palam
1176 2040 1239 2116 elle
1262 2041 1460 2140 protellatoa
1486 2044 1630 2132 oonllat,
1661 2048 1838 2141 indignum

359 2149 485 2245 qnippe
500 2141 722 2218 erillirn'antea
748 2144 813 2216 “Si
831 2143 887 2214 olii
903 2138 1116 2216 Ecclefiostiei
1142 2165 1223 2235 erga
1245 2141 1382 2215 eosdem
1405 2164 1468 2239 per
1491 2143 1592 2216 talem
1612 2139 1838 2220 defellionem

360 2244 587 2341 ,praelatione
610 2261 644 2316 et
666 2237 897 2316 iuriadiidione
917 2247 951 2313 in
971 2241 1048 2314 illos
1066 2237 1123 2313 lun
1144 2242 1192 2312 vri
1218 2263 1285 2312 non
1310 2235 1459 2340 pnlsent,
1491 2238 1605 2317 ledea
1626 2242 1753 2340 priuati
1772 2240 1837 2318 else

360 2339 591 2430 flebunt„

533 2484 538 2496 '
990 2516 1022 2600 i·
1083 2504 1196 2580 xix.

469 2657 520 2762 v)
543 2663 582 2734 In
599 2658 755 2734 comitiis
769 2654 1060 2732 Ratinbonenltbnt
1076 2659 1140 2728 Ao.
1161 2677 1265 2747 ¹594·
1279 2656 1368 2729 inter
1381 2657 1444 2730 alia
1459 2660 1653 2752 pronomina
1665 2659 1836 2738 Catholici
1995 2745 2000 2760 ¹

359 2757 421 2837 boe
435 2784 573 2859 quoqne
595 2753 804 2838 referebant,
828 2754 920 2853 quod
939 2751 1144 2830 eeclefiallioi
1164 2778 1182 2825 a
1205 2751 1271 2828 lide
1295 2749 1487 2828 deficientes
1505 2760 1537 2828 in
1554 2757 1692 2830 tutelam
1708 2763 1838 2859 recipe·

358 2882 472 2937 meur
484 2882 561 2933 eom
576 2879 747 2933 contemtu
761 2858 871 2927 Statua
886 2850 1116 2928 ecelesiastico-
1126 2849 1291 2925 catholici.
1342 2855 1389 2923 Er
1406 2854 1526 2947 quibos
1541 2855 1698 2925 omnibus
1711 2856 1839 2930 oberti.

359 2980 411 3033 ne
433 2980 527 3055 patet
542 2980 608 3027 non
627 2954 780 3027 eamdem
806 2949 1035 3025 Eceleltallieia
1056 2953 1145 3027 etin
1163 2944 1272 3044 speeie
1294 2946 1467 3041 Religiosta
1483 2950 1523 3021 ad
1540 2949 1772 3046 protestentico
1790 2952 1840 3026 sa·

359 3052 615 3131 «transeundi
631 3050 820 3125 facultatem
838 3047 932 3123 elleo
949 3047 1132 3122 Catholicis
1145 3046 1327 3127 indultam,
1349 3070 1436 3144 quae
1453 3048 1544 3118 laicis
1561 3073 1594 3120 et
1609 3047 1747 3143 reliquis
1765 3049 1838 3121 lob·
1994 3022 2004 3139 „¹
2042 3052 2049 3065 “

361 3152 433 3227 dr'tia
458 3152 627 3227 bonorum
656 3175 689 3223 et
705 3150 923 3246 proprietatio
939 3145 1115 3245 eapaeiboa
1136 3142 1196 3219 lub
1218 3143 1551 3220 determinationibus
1574 3149 1609 3220 io
1633 3146 1764 3243 legibue
1785 3173 1839 3224 ex·

359 3246 470 3353 prefia
489 3244 637 3328 concello
654 3248 789 3345 legitor.

1008 3419 1038 3507 l·
1092 3412 1176 3487 xit.

313 3596 316 3657 i
470 3574 542 3667 vt)
565 3575 637 3647 Iam
651 3565 813 3669 progredi
829 3569 923 3638 iuuat
941 3566 980 3640 ad
999 3569 1115 3641 Proem
1130 3562 1410 3663 Welipbtlieem,
1435 3565 1469 3636 in
1488 3588 1553 3661 qua
1568 3584 1636 3635 tatn
1656 3560 1838 3641 tranatldio

313 3660 317 3753 l
359 3668 585 3752 Pallanienlia,
622 3691 724 3771 quarn
745 3671 809 3738 Par
836 3662 1000 3756 Religiosa
1029 3662 1102 3736 sunt
1126 3663 1382 3737 confirmatae&
1438 3661 1732 3831 Qsstemrdrnodom
1755 3688 1838 3738 vero

313 3780 316 3855 l
360 3768 533 3867 Religiofia
548 3773 582 3839 in
597 3788 738 3861 atraque
752 3788 834 3864 pace
853 3760 1022 3861 praedilda
1043 3786 1109 3833 non
1131 3760 1276 3833 tonnella
1305 3759 1360 3842 sit,
1387 3782 1422 3832 rt
1445 3786 1466 3831 o
1494 3760 1668 3844 endimua,
1700 3760 1837 3836 liberter

313 3882 315 3893 ⁴
358 3870 536 3957 notandae
555 3866 758 3960 Religionis:
793 3865 837 3934 ita
861 3885 919 3932 nec
942 3863 976 3931 in
1004 3863 1086 3931 Pace
1106 3858 1327 3955 Wellpltalica
1348 3856 1451 3930 vllum
1474 3860 1602 3930 inuenit
1622 3858 1837 3955 praesidinm.

360 3970 389 4041 Si
401 3970 481 4067 qnia
497 3970 589 4039 enim
603 3986 709 4039 tertut
734 3963 799 4034 hue
821 3956 1006 4055 spellantet
1028 3954 1172 4030 exailina
1193 3956 1395 4036 confideret,
1430 3979 1464 4028 er
1488 3962 1601 4028 animo
1622 3959 1836 4054 praeiudiciis

357 4090 459 4139 vacuo
479 4070 663 4147 examinet,
688 4084 745 4134 eoa
760 4057 897 4156 quidem
913 4056 954 4127 de
969 4054 1105 4127 subditis
1121 4054 1214 4149 loqui
1230 4056 1370 4136 viderit,
1390 4050 1446 4126 sed
1461 4054 1502 4127 de
1519 4054 1657 4135 talibus,
1682 4058 1740 4150 qui
1759 4080 1838 4151 pro·

378 4164 509 4237 rietatis
525 4184 558 4234 et
574 4161 762 4241 bonorum,
787 4157 1012 4233 matrimonii,
1044 4154 1255 4249 aliorumque
1276 4159 1401 4223 inrtunt
1417 4175 1449 4225 et
1471 4154 1608 4251 quidem
1623 4178 1689 4222 non
1706 4176 1836 4227 tantum

354 4189 536 4337 beandum
556 4260 721 4354 principie
740 4250 993 4326 Protellantium
1011 4248 1064 4324 sed
1090 4276 1122 4320 et
1142 4247 1453 4346 compaeiscenttum
1474 4249 1725 4323 catholicorum
1739 4274 1838 4343 cepa·
1943 4250 1946 4255 ’

355 4354 592 4435 eerexfillunt.
638 4360 753 4451 Qtum
768 4376 849 4424 vero
867 4349 1023 4443 Religiolt
1039 4344 1174 4447 profeffi
1191 4347 1370 4421 secundum
1387 4351 1550 4445 principia
1567 4346 1835 4435 catholicorum,
1959 4410 1962 4421 .

353 4480 439 4557 qnae
456 4452 546 4529 salua
561 4450 676 4528 futura
696 4447 916 4525 Protellontea
932 4448 1058 4522 dudum
1082 4450 1116 4519 in
1149 4452 1230 4520 Pate
1252 4445 1417 4543 Religiol'a
1439 4446 1622 4521 Catholicis
1642 4440 1753 4519 senile
1775 4446 1837 4518 ad·
1997 4534 2001 4539 Ι

1098 4541 1201 4639 Ff3
1758 4567 1838 4642 pro·

393 4716 803 4803 ¹11³.w.nrtv.§.1.
1373 4666 1379 4673 Ι
