4784 5550
447 583 521 668 ιιι,
895 563 1467 646 utssanrarto

449 768 571 817 norum
591 767 669 816 vere
692 738 991 816 Ecclesiasticorum
1008 741 1215 821 retinebant,
1246 739 1335 813 unde
1362 740 1394 812 tr
1415 762 1535 812 eotutn
1556 734 1798 834 pollelsorlboa
1815 764 1907 841 pren

452 847 598 916 decimas
623 844 739 913 exinde
763 842 801 912 ad
827 841 999 912 Ecclefian
1023 841 1255 934 persolvendas
1280 865 1364 910 ooua
1385 838 1533 912 Fabricte
1550 841 1750 935 reparanda
1768 845 1907 916 incumbe

452 941 520 1014 bat.
573 946 664 1011 Patet
687 944 750 1010 boc
774 964 840 1012 non
863 963 989 1009 tantum
1021 964 1039 1010 e
1063 943 1299 1010 concreto
1326 941 1788 1034 Francuroaotuust
1812 940 1854 1011 tle
1872 949 1907 1014 Ar

455 1051 537 1129 784!
555 1042 594 1115 C.
616 1046 670 1110 26.
690 1040 721 1106 in
742 1041 893 1110 Bnuuz
913 1042 998 1108 Tam.
1022 1063 1050 1112 t.
1071 1040 1240 1128 capitular.
1259 1058 1288 1127 p.
1306 1051 1387 1114 ιιι.
1405 1035 1436 1106 dt
1453 1037 1487 1107 in
1505 1035 1793 1108 Gnouetsctt
1806 1063 1840 1134 p.
1857 1063 1907 1132 593

453 1137 531 1206 ubi:
558 1158 592 1203 ιι
611 1146 726 1222 Dotnas
743 1137 989 1219 Ettltfiatam&
1010 1154 1183 1225 tegumenta
1199 1136 1236 1201 ab
1260 1138 1302 1202 ris
1314 1135 1396 1224 fiant
1418 1136 1577 1204 emendata
1595 1137 1652 1204 vel
1670 1133 1861 1226 telsuatata,
1881 1161 1907 1230 qt

451 1233 590 1318 lr'neficla
609 1237 720 1302 exsule
743 1235 865 1303 balent.
917 1233 957 1299 Et
978 1233 1218 1302 Concreto
1246 1230 1606 1308 Moouuutttode
1624 1239 1690 1307 An.
1714 1243 1798 1324 εις.
1821 1235 1907 1320 042

455 1329 562 1399 relato
583 1333 616 1397 in
636 1333 722 1425 Cap.
749 1356 777 1399 t.
810 1331 850 1407 X.
866 1327 909 1399 de
931 1324 1053 1406 Eccles.
1078 1322 1165 1397 adis.
1189 1326 1240 1397 vel
1265 1326 1441 1421 reparand.
1490 1326 1683 1414 sedetiam
1703 1351 1723 1398 e
1747 1329 1907 1425 capitular

450 1435 564 1520 primo
582 1428 623 1495 de
641 1437 704 1502 Au.
727 1439 808 1518 8¹3·
824 1429 864 1502 C.
890 1448 945 1511 24·
1005 1432 1065 1507 Ut,
1083 1431 1214 1518 ,quisque
1232 1427 1403 1511 benefitium
1422 1425 1775 1517 Etclefiastittnnbaber,
1798 1431 1839 1498 ad
1854 1431 1907 1498 test

449 1525 581 1606 Ecclefiae
599 1523 816 1609 reserunda,
840 1524 987 1616 vosipsas
1006 1525 1148 1602 Ettltsas
1166 1527 1284 1594 omnino
1300 1527 1465 1611 adiuvent·
1516 1529 1558 1598 Et
1582 1525 1756 1617 capitulari
1777 1529 1907 1600 Wattaat

451 1625 488 1690 dt
504 1629 590 1697 Ana.
614 1638 695 1705 εις).
714 1631 749 1700 G.
770 1648 802 1706 9.
822 1625 856 1697 sd
873 1625 922 1692 lib.
940 1651 974 1698 4.
998 1626 1100 1712 Capit.
1121 1646 1179 1695 ao.
1203 1614 1300 1696 Coos.
1320 1618 1516 1715 Dipio'tnottt
1536 1621 1569 1689 itt
1587 1621 1713 1693 Malll
1726 1639 1907 1694 utottvtt

451 1723 593 1788 Arralell.
621 1743 653 1813 p.
682 1742 762 1810 293.
792 1719 1100 1790 &iocabatur
1129 1718 1195 1806 bist.
1221 1720 1349 1787 Lutlrat.
1382 1723 1469 1792 Tem.
1496 1743 1525 1790 t.
1549 1719 1667 1810 probat.
1689 1741 1721 1812 p.
1751 1744 1834 1802 ²97·
1855 1716 1907 1789 tidt

450 1818 518 1885 ΤΗ
530 1837 551 1884 o
564 1837 591 1884 nt
603 1840 623 1885 n
635 1835 653 1885 s
667 1835 684 1885 s
697 1835 741 1886 tte
760 1823 796 1884 le
812 1838 917 1886 vetet.
939 1820 973 1890 Β
989 1840 1062 1885 nov.
1081 1814 1190 1897 Ettlts.
1213 1816 1336 1907 Discipl.
1353 1835 1435 1907 part,
1452 1839 1484 1900 3.
1507 1815 1560 1884 lib.
1577 1841 1610 1887 ι.
1628 1838 1692 1910 cap.
1711 1841 1769 1893 ar.
1786 1815 1820 1887 dt
1839 1811 1906 1910 seqq

450 1911 508 1982 ubi
529 1910 680 2007 pluribus
700 1911 951 2005 probationibus
970 1913 1033 1982 hoc
1052 1912 1165 1984 'thema
1182 1908 1332 1983 illustrat.
1381 1915 1428 1982 Ex
1444 1912 1496 1981 bis
1517 1908 1673 1982 omnibus
1686 1914 1795 2004 igitur
1810 1908 1907 1984 sarcia

452 2033 529 2080 rum
545 2010 646 2080 credo
667 2015 731 2081 erit
751 2060 760 2093 ,
784 2035 869 2092 eos,
895 2012 952 2106 qui
980 2013 1134 2087 Decimus
1158 2005 1395 2080 Ecclesiasticus
1416 2007 1668 2105 percipiebant,
1683 2031 1746 2081 aut
1762 2009 1850 2081 bona
1868 2011 1907 2080 Ei

451 2105 624 2178 cleliassica
641 2112 673 2177 in
691 2113 858 2180 Precarias
881 2107 1064 2187 habebant,
1086 2107 1126 2176 ad
1146 2103 1302 2176 Ecclesiae
1319 2106 1521 2202 reparandas
1537 2101 1759 2200 preferentes
1772 2103 1907 2180 suisseob

450 2203 580 2294 ligatos.
633 2207 719 2294 Alii,
746 2211 803 2298 qui
823 2208 976 2277 Decimae
998 2204 1176 2276 Saeculares
1197 2225 1253 2274 aut
1274 2203 1419 2286 reditus,
1441 2204 1492 2274 vel
1515 2203 1600 2275 bona
1621 2229 1688 2275 non
1711 2201 1907 2278 Ecclesiassict

452 2300 683 2393 polluebant,
706 2305 745 2371 ad
774 2307 1021 2396 reparationem
1046 2299 1193 2372 Ecclefia
1217 2325 1282 2370 non
1306 2300 1492 2397 specialiter
1511 2300 1772 2392 obligabantur,
1790 2297 1845 2374 sed
1861 2324 1907 2373 tar

450 2421 521 2469 tum
543 2400 755 2480 reditibus&
778 2404 925 2468 Decimio
948 2396 1174 2469 Ecclestasticia
1199 2395 1428 2470 deficientibus
1453 2396 1592 2491 perinde
1607 2423 1643 2468 ac
1664 2397 1709 2468 od
1728 2400 1821 2471 ahud
1840 2420 1907 2566 opor

452 2496 623 2588 publicum
649 2495 889 2590 perficiendum
908 2493 1160 2569 concurrebant.
1214 2499 1304 2565 Patet
1324 2497 1356 2565 id
1374 2491 1547 2568 clarissime
1562 2520 1601 2567 ea
1620 2497 1681 2576 iia,
1697 2521 1772 2590 quc
1796 2519 1850 2568 me
1873 2501 1907 2566 itt

452 2596 543 2662 tione
563 2595 670 2683 prima
688 2590 828 2661 addutta
846 2588 938 2671 sunt,
960 2591 1050 2684 quod
1077 2590 1200 2662 scilicet
1222 2591 1359 2664 decime
1382 2592 1542 2684 Regales,
1568 2593 1816 2665 indominicata
1833 2593 1865 2666 dt
1884 2589 1908 2662 sa

451 2687 522 2758 licae
549 2690 734 2760 nullatenus
760 2689 997 2760 authoritatem
1020 2684 1273 2758 Ecclestassieant
1298 2693 1499 2784 attigeriot;
1521 2713 1600 2761 cunt
1625 2693 1721 2786 queis
1749 2691 1907 2764 combinat

449 2808 585 2880 oportet
603 2788 661 2868 id,
683 2789 772 2883 quod
787 2791 820 2858 in
845 2792 1097 2861 MoNncHo
1126 2790 1568 2861 saltet-Gabuleum
1593 2794 1633 2861 L.
1657 2813 1687 2862 t.
1711 2797 1748 2861 c.
1766 2816 1828 2878 3²·
1849 2788 1907 2881 legi

453 2906 529 2965 tur,
552 2883 608 2956 ubi
633 2889 705 2959 ait:
735 2885 853 2980 „qood
878 2883 900 2956 fi
924 2910 1018 2958 nuuc
1044 2882 1175 2957 fuissent
1196 2882 1402 2958 instituenda
1428 2883 1601 2968 Ecclefiae,
1625 2909 1742 2957 omnes
1764 2884 1907 2985 Episcopi

453 2986 589 3066 „Duces
611 2984 642 3055 dt
667 2988 838 3065 Comites,
861 2984 1006 3055 Abbates
1023 2985 1121 3053 etiam
1142 2983 1193 3051 vel
1220 2984 1411 3077 quicunque
1438 2981 1618 3073 Regalibus
1640 2980 1794 3057 Ecclesia
1823 2980 1907 3080 pras

453 3081 591 3164 „dentes
609 3108 684 3153 eum
706 3079 885 3160 universis,
906 3085 962 3173 qui
985 3080 1115 3175 publica
1132 3076 1205 3148 sunt
1223 3078 1386 3150 consecuti
1407 3078 1585 3162 beneficia,
1604 3106 1623 3152 a
1639 3077 1866 3169 fundamentis
1878 3103 1907 3153 ut

453 3203 542 3271 „que
561 3180 600 3248 ad
621 3181 760 3249 Culmen
786 3176 1009 3247 instantiffimo
1033 3176 1147 3247 labore
1169 3176 1440 3269 perderemur„
1491 3182 1568 3249 Hoc
1585 3174 1907 3273 nibilstngularefuil

450 3271 501 3353 se,
521 3275 573 3344 led
592 3277 709 3345 eodem
727 3276 829 3344 modo
845 3278 930 3343 circa
949 3272 1142 3344 exstruenda
1161 3273 1224 3341 alia
1243 3298 1348 3369 opera
1376 3275 1506 3368 publica
1528 3271 1724 3347 concursum
1740 3271 1835 3349 fuisse
1850 3298 1907 3373 pre

450 3366 562 3440 ssitum
587 3372 627 3441 ad
651 3374 784 3442 oculum
814 3368 975 3464 patescit,
1008 3369 1028 3439 st
1054 3366 1290 3449 conferamus,
1318 3374 1408 3467 quod
1432 3375 1520 3443 idem
1546 3383 1746 3445 Auuttott
1772 3373 1907 3447 scribitit

452 3466 575 3538 verbis.
626 3476 679 3549 „A
707 3469 895 3561 Maioribus
922 3490 1031 3537 autern
1053 3466 1222 3537 laboribus
1249 3471 1358 3541 nullus
1383 3477 1515 3543 Ducum
1535 3471 1585 3541 vel
1610 3473 1801 3553 Comitum,
1825 3470 1906 3543 nullu

450 3563 717 3659 „Episcoporutn
736 3569 787 3637 vel
817 3565 983 3639 Abbatum
1009 3562 1218 3633 excusaretur
1244 3567 1357 3659 aliquo
1380 3569 1492 3639 tnodo.
1542 3567 1647 3662 Cujus
1671 3570 1721 3638 rei
1747 3564 1904 3641 testessun

454 3662 585 3742 „adbuc
599 3688 680 3732 arca
704 3668 815 3734 Pontis
840 3658 1136 3754 Magonciacenfis,
1154 3686 1253 3755 quem
1271 3685 1338 3733 tota
1360 3668 1493 3758 Europa
1515 3669 1684 3735 communi
1702 3668 1858 3757 quidem,
1872 3662 1907 3735 set

305 3844 312 3854 Ι
454 3756 719 3836 „ordinatissima
743 3764 1006 3854 participationis
1036 3783 1140 3853 opere
1161 3754 1314 3854 perfecit.
1331 3808 1352 3840 „
1395 3766 1499 3857 Qteis
1528 3762 1684 3832 omnibus
1704 3761 1775 3855 jam
1801 3756 1907 3836 confici

451 3874 525 3936 tur,
543 3856 625 3924 olim
646 3861 800 3927 Decimus
825 3856 1057 3929 Ecclesiasticus
1074 3856 1210 3927 interdu
1232 3853 1400 3929 saculares
1422 3856 1559 3950 viguisse
1582 3857 1826 3943 differentiam,
1850 3877 1907 3955 pta

451 3954 567 4047 cipue,
592 3954 724 4049 quando
738 3955 780 4027 de
802 3954 1006 4046 obligatione
1024 3954 1064 4025 ad
1082 3954 1303 4050 reparandam
1322 3955 1498 4029 Ecclestatn
1520 3956 1656 4053 quaessio
1674 3958 1879 4038 movebatur,

1152 4118 1199 4192 V.

499 4222 616 4302 Hodie
646 4249 775 4331 quoque
796 4221 974 4320 seruntur·
1004 4225 1209 4321 dtffirentia
1234 4206 1332 4300 inter
1365 4224 1533 4302 Decimus
1558 4227 1812 4325 Eccltfiasticar
1837 4228 1880 4309 Ψ

808 4323 996 4419 saculares
1016 4323 1131 4425 quand
1152 4322 1362 4424 reparandas
1390 4325 1567 4417 Eccltssr'ns.

568 4460 637 4529 Hic
656 4484 722 4528 non
752 4459 958 4531 immorabor
983 4460 1192 4554 generalibus
1213 4462 1387 4555 principiis
1403 4458 1515 4555 passim
1537 4487 1555 4529 a
1577 4457 1763 4531 Canonissis
1786 4460 1826 4531 ad
1852 4460 1907 4532 tittt

452 4551 524 4627 lum
542 4552 584 4629 de
606 4555 729 4631 Eccles.
752 4556 871 4640 edific.
891 4557 943 4637 rel
967 4580 1077 4654 repar.
1104 4560 1237 4634 tradere
1260 4556 1384 4642 solitis,
1402 4561 1493 4653 quod
1513 4555 1639 4633 scilieet
1663 4557 1838 4632 Ecclesae
1856 4580 1907 4673 prt

1167 4756 1169 4760 Ι
1449 4736 1452 4740 ,
1848 4681 1907 4755 pru
