4784 5550
509 623 576 702 nu
601 595 965 700 concinentius
989 621 1059 697 eu
1081 619 1263 698 noenta
1289 599 1709 706 accensiusricis..
1766 653 1836 730 ιη
1863 575 1867 582 ’

412 831 450 888 re,
474 810 685 879 eadeiicutist
710 807 743 876 id
764 811 842 876 reite
857 807 996 894 feriunt,
1029 761 1116 900 quefi
1132 787 1231 895 (eere'
1244 810 1351 898 politic
1370 789 1527 900 legumque
1547 809 1694 899 custodes,
1723 835 1785 904 que
1804 816 1836 886 ire
1855 849 1871 882 e
1996 817 1999 822 ’

412 927 448 974 ne
464 909 578 988 laisein
603 930 703 974 eccuni
725 905 906 993 niajestne
926 931 960 976 ac
981 908 1152 997 potestate,
1189 907 1336 996 publicum
1350 905 1469 994 statum
1492 905 1593 979 ciffitit
1621 910 1729 1002 neceffe
1751 910 1834 1003 effeta

412 1005 529 1092 ΞΝΑΤ.
562 1007 780 1074 CHOPPIN.
801 1007 837 1072 cie
850 1007 938 1095 sacru
959 1007 1052 1112 idolii.
1073 1007 1124 1074 sii.
1142 1004 1209 1073 ill.
1230 1025 1295 1098 cup.
1314 1006 1344 1076 1.

412 1165 643 1314 *listris
666 1169 1137 1318 lllz‘slsttlllztllllt
1160 1168 1566 1336 {illell‘lillltls
1581 1172 1840 1322 dilituit
1943 1185 1981 1292 F

466 1330 641 1396 ESPEN:
670 1273 767 1398 Trupff.
789 1336 826 1398 cie
847 1335 955 1417 receerl.
971 1337 1012 1398 cd
1033 1337 1162 1419 princip.
1191 1353 1255 1419 cap.
1283 1333 1320 1400 V.
1363 1335 1599 1402 illustrissimum
1625 1357 1705 1402 vero
1726 1359 1839 1404 exeru-

464 1415 555 1498 plum
580 1415 746 1480 Germania
767 1416 871 1481 nolite
892 1417 1023 1482 exhibet
1044 1421 1076 1482 in
1100 1417 1332 1482 constitutione
1352 1417 1480 1502 Josephi
1502 1421 1527 1487 1.
1552 1421 1632 1502 lmp.
1665 1441 1757 1504 qnam
1784 1441 1836 1490 an.

466 1515 560 1579 1707.
582 1509 693 1562 contra
715 1499 887 1563 Clementia
910 1499 965 1567 Xl.
991 1501 1236 1564 declarationem
1255 1501 1410 1565 nullitatia
1427 1503 1461 1565 de
1486 1503 1682 1567 censurarum
1702 1507 1837 1568 commi·

465 1582 629 1642 nationem
644 1593 708 1643 tam
723 1580 896 1664 expressam
922 1603 1013 1664 quam
1032 1585 1159 1647 tacitam
1181 1585 1294 1656 edidit,
1318 1601 1474 1666 quemque
1496 1588 1649 1668 integram
1663 1587 1700 1648 ad
1717 1588 1837 1650 calcem
1927 1599 1934 1618 '

465 1661 565 1742 nujus
588 1660 812 1727 dissertationis
828 1667 960 1728 recitare
979 1667 1088 1739 libuit,
1118 1684 1189 1728 cum
1213 1685 1271 1728 nec
1296 1668 1326 1728 in
1347 1669 1489 1730 omniura
1503 1671 1653 1734 ,manibus
1675 1669 1835 1739 versetur.

466 1743 501 1808 dt
516 1748 548 1808 in
561 1748 752 1826 compendio
768 1747 834 1810 sere
847 1749 971 1816 omnia.
991 1767 1063 1830 quae
1081 1748 1121 1811 de
1139 1746 1210 1828 lure
1225 1749 1399 1830 principum
1420 1751 1502 1812 circa
1523 1751 1665 1814 censuras
1688 1753 1750 1815 dici
1765 1752 1839 1833 pos·

465 1826 558 1897 sunt,
581 1827 819 1910 completlatur.
863 1828 983 1894 Verum
1008 1830 1132 1912 quidem
1151 1829 1211 1904 eli,
1234 1833 1406 1911 principem
1428 1833 1507 1896 fient
1528 1835 1685 1896 neminem
1708 1833 1837 1896 censura

465 1908 671 1972 ecclesiastica
684 1911 803 2010 ligare,
827 1912 869 1975 ita
885 1931 943 1975 nec
956 1911 1079 1976 solvere
1092 1909 1195 1995 posse.
1217 1931 1289 1975 cum
1312 1911 1365 1995 juo
1383 1912 1463 1976 iilud
1481 1915 1622 1978 ecclellae
1646 1928 1769 1978 tantum
1792 1937 1838 1980 ex

466 1991 580 2056 Christi
593 1991 791 2056 institutione
802 1995 954 2058 tributum
968 1993 1015 2058 snt.
1062 1995 1098 2059 Cr
1115 1993 1183 2079 n'ess
1197 2011 1273 2073 par,
1292 2015 1349 2077 que
1360 1997 1399 2058 see
1406 1996 1499 2079 juger
1518 1999 1591 2060 laice
1604 2017 1647 2064 eie.
1659 2015 1690 2060 ce
1700 2016 1751 2061 cue
1762 2018 1837 2078 pre-

467 2075 590 2140 tendent
610 2071 759 2158 absouesre
774 2077 809 2140 de
823 2079 1148 2147 sexcommunicntion,
1172 2081 1206 2139 ui
1223 2077 1403 2140 s'nttriieeer
1421 2099 1465 2140 un
1485 2082 1634 2158 pourton,
1654 2082 1710 2162 qui
1731 2099 1767 2142 ree
1785 2081 1838 2142 de·

460 2157 559 2241 pand,
582 2175 638 2239 que
649 2157 686 2219 cie
701 2153 956 2239 suijuriedidion
974 2157 1196 2243 eccsefiujsique.
1218 2160 1297 2222 mnis
1310 2160 1347 2222 ile
1362 2159 1512 2224 &darent
1525 2161 1556 2224 iu
1566 2162 1731 2241 procedure
1742 2163 1835 2236 uuile,

462 2239 544 2303 rou
557 2239 580 2300 il
591 2236 737 2318 censuit.
754 2241 837 2322 selon
849 2243 888 2304 see
901 2260 1031 2313 canone,
1057 2243 1132 2325 qu'is
1148 2242 1199 2321 n'y
1217 2257 1237 2303 a
1274 2243 1341 2304 nint
1362 2241 1399 2306 de
1412 2239 1533 2326 censure
1547 2242 1670 2309 cautu.
1702 2240 1837 2308 HERI-

469 2319 591 2387 cotti
598 2319 640 2385 T:
664 2319 750 2386 Loix
769 2321 1084 2410 e'cctefiest.png.172.
1105 2321 1190 2408 einp.
1209 2259 1328 2390 Xisil.
1348 2323 1381 2408 S.
1398 2340 1450 2408 52.

972 2543 1008 2629 u
1058 2493 1206 2616 cxxi

414 2765 425 2773 Π
467 2675 509 2746 In
525 2669 720 2759 subidium,
744 2672 768 2747 li
788 2676 916 2749 leniora
935 2676 1085 2750 remedia
1106 2702 1172 2748 non
1195 2671 1375 2762 sufficiant,
1411 2702 1451 2750 er
1471 2663 1532 2748 nso
1546 2679 1697 2752 omnium
1712 2680 1908 2785 princi-⁰2)
1926 2686 1987 2756 Per

412 2770 708 2847 nrhrilliannrum
732 2777 871 2846 invaluit
892 2776 1078 2849 remedium
1099 2778 1278 2870 immiffiunis
1300 2778 1333 2846 in
1358 2798 1476 2847 eorum
1498 2777 1708 2871 temporalia.
1759 2771 2010 2852 lrn0¹m¹l¹iffi⁰-
2032 2780 2036 2795 '

412 2872 472 2945 atta
489 2871 598 2944 media
621 2872 768 2946 coniliva
800 2874 951 2945 adhiberi
993 2897 1195 2971 coeperunt,
1237 2878 1333 2969 queis
1359 2872 1410 2943 vel
1435 2896 1454 2942 a
1477 2872 1622 2945 censuris
1643 2878 1832 2950 immaturis
1848 2871 1918 2915 '¹⁶⁰¹
1947 2854 1985 2921 ἃ

412 2966 539 3052 linere,
554 2966 625 3041 ‘vel
656 2970 792 3042 nulliter
813 2973 894 3043 lacaa
917 2976 950 3044 in
976 2996 1106 3069 ponam
1130 2970 1325 3044 temericacia
1345 2966 1515 3041 destrucre
1536 2994 1711 3063 coguntur.
1762 2932 2027 3087 Ουτξξὲζξξᾝ

412 3094 441 3139 m
457 3069 604 3165 principi
627 3095 691 3138 non
710 3069 805 3142 liceat
820 3095 990 3142 armorum
1006 3067 1226 3164 spiritualium
1251 3065 1386 3139 abusum
1403 3067 1592 3163 impedire?
1621 3073 1742 3165 Ecqua
1764 3095 1990 3164 1⁸⁰·slerieo-

412 3192 429 3237 n
447 3168 655 3239 alienatione
670 3168 854 3261 impediet?
882 3174 974 3265 Qud
987 3171 1012 3251 fi
1025 3175 1092 3261 pais
1106 3172 1293 3239 contenderit
1313 3192 1332 3235 e
1354 3168 1531 3260 principibus
1544 3174 1734 3256 iecuscriius
1758 3174 1833 3241 henr
1848 3199 1916 3243 rum
1931 3193 2017 3250 tem-

412 3290 456 3337 ere
476 3264 671 3358 potestatem,
700 3266 826 3355 stetim,
864 3292 922 3338 nen
946 3273 1064 3359 quidem
1085 3267 1152 3356 scre
1179 3270 1336 3353 comperiet
1359 3264 1977 3365 experimini,manifestiffim0‚poralta.

412 3384 499 3435 ntem
513 3368 697 3433 calumniatis
714 3372 873 3457 reipublice
885 3370 1043 3438 invexerit
1060 3370 1152 3439 coV
1152 3370 1279 3436 ARRU
1285 3370 1316 3437 V
1315 3369 1333 3434 1
1337 3369 1393 3435 As
1415 3368 1470 3434 sec.
1496 3368 1551 3436 cit.

412 3528 501 3597 ἈΝ
524 3528 685 3593 ESPEN.
714 3532 764 3592 soc.
784 3532 833 3592 cit.
852 3546 914 3608 cap.
936 3528 992 3592 VI.
1037 3528 1199 3593 silanisella
1213 3530 1257 3594 est
1271 3532 1301 3593 in
1315 3529 1374 3591 hac
1389 3548 1422 3593 re
1434 3529 1611 3594 Germanice
1628 3533 1745 3615 prexia.
1768 3535 1838 3597 Do·

469 3614 578 3676 storea
593 3616 716 3691 quidam
727 3613 887 3674 inculcetis
899 3611 1042 3691 juridicae
1055 3612 1253 3675 Colonienlia
1267 3616 1305 3675 ed
1318 3612 1471 3677 Nuntium
1487 3614 1598 3675 ibidem
1615 3616 1769 3678 recursum
1790 3620 1839 3682 in-

468 3694 637 3759 stituerunt
659 3708 753 3775 atque
776 3694 924 3756 adversus
947 3696 1099 3757 decanum
1118 3694 1278 3757 inculcatis
1294 3696 1419 3758 decreta
1438 3697 1579 3775 quaedam
1594 3701 1839 3764 coniminetoria

469 3776 503 3841 dt
519 3778 690 3839 executive
705 3779 1049 3840 excommunicationis
1064 3780 1280 3858 impetrarunt.
1325 3778 1458 3841 Cerolue
1475 3777 1532 3845 VJ.
1556 3777 1636 3863 lrnp.
1653 3801 1717 3845 *am
1747 3804 1837 3867 1713.

467 3862 501 3924 ln
516 3860 599 3921 hunc
616 3860 717 3921 casum
739 3860 902 3921 decrevit:
928 3858 1001 3922 Cum
1023 3862 1125 3942 itaque
1139 3879 1179 3922 ex
1193 3861 1427 3943 circumstantiis
1442 3854 1621 3951 injuppsica
1636 3864 1775 3929 addictio
1799 3864 1840 3931 δ’

468 3942 682 4023 monstratis
697 3943 815 4003 abunde
833 3951 998 4022 apparent,
1020 3941 1200 4023 pradictum
1215 3950 1367 4023 recursum
1379 3948 1610 4025 incompetenter
1619 3942 1753 4021 sudum,
1775 3968 1839 4014 nnn

466 4025 524 4093 mid
542 4024 584 4088 ad
598 4027 771 4105 coisifionem
780 4022 995 4105 supremarum
1023 4022 1204 4108 Poteflatum
1226 4028 1259 4084 iu
1282 4026 1473 4107 ecciefioslicis
1500 4024 1538 4089 dr
1558 4030 1687 4105 politicis
1708 4028 1838 4103 tendere,

469 4104 509 4171 8
521 4126 582 4169 nou
595 4110 648 4169 exi
673 4110 720 4168 uis
734 4107 929 4167 incommodis
944 4102 982 4189 ΕΞ
994 4104 1151 4187 secundatis
1165 4108 1248 4167 vium
1263 4111 1405 4187 aperire:
1429 4106 1497 4171 iiiuc
1517 4110 1574 4171 ulti
1595 4110 1649 4171 ime
1668 4110 1747 4173 disin
1771 4110 1839 4175 Sun

470 4186 569 4252 Sacro
585 4126 721 4267 (infirm
737 4188 891 4271 licinius,
920 4190 959 4248 iis
972 4189 1110 4249 vincilius
1126 4207 1145 4250 u
1163 4186 1288 4271 Coiijilio
1295 4186 1355 4271 suo
1375 4192 1530 4265 Imperiosi
1588 4192 1727 4271 usicofllii
1741 4194 1838 4256 dedite

447 4326 453 4335 .
467 4272 586 4339 relatis.
633 4271 756 4353 indeque
771 4286 860 4351 utque
870 4281 1008 4333 nccicrute
1020 4270 1189 4349 perperiſse,
1210 4292 1270 4333 reon
1284 4272 1372 4335 modo
1386 4270 1538 4345 recursum
1554 4274 1638 4333 isium
1652 4292 1671 4333 n
1688 4294 1837 4337 memora-

471 4355 513 4415 tis
522 4349 583 4433 sex
601 4291 782 4415 hailon-iius
794 4352 984 4433 eccleiuslicir
996 4351 1160 4432 udsoepius
1171 4352 1282 4415 dilium
1298 4354 1464 4419 sicininum
1482 4352 1632 4415 Nicetium
1645 4352 1838 4439 apostaticum

469 4432 525 4497 iac
543 4438 576 4495 in
593 4432 681 4512 ceusu
695 4436 868 4515 inemptum,
886 4434 1006 4513 severe,
1033 4454 1155 4516 crineque
1176 4436 1389 4516 indignatione
1415 4436 1685 4509 exprobrandum,
1712 4438 1770 4518 sed
1796 4437 1838 4505 8

469 4516 603 4581 Decreta
623 4516 753 4600 ejusdem
776 4519 1006 4578 comminatorio
1028 4514 1066 4579 Θ
1086 4518 1263 4588 execution,
1283 4529 1387 4596 utpote
1402 4536 1444 4577 ex
1456 4516 1491 4595 se
1509 4518 1594 4578 nulio
1613 4518 1652 4581 s&
1676 4522 1835 4597 innulidu,

469 4616 502 4661 in
527 4599 625 4665 unda.
648 4599 854 4671 minuenda,
893 4597 930 4663 8
955 4599 1100 4662 abolenda
1114 4597 1218 4683 juffit,
1240 4612 1333 4681 prout
1358 4619 1394 4664 en
1414 4602 1516 4661 omniu
1539 4594 1652 4683 caffut,
1683 4607 1835 4676 annullet,

526 4683 581 4759 let,
600 4682 741 4766 iussuque
761 4681 912 4760 declarat,
934 4700 969 4747 uc
990 4678 1368 4829 insupebmdemorctoram
1381 4682 1441 4769 jeci
1457 4679 1625 4751 Dosiorum
1639 4686 1837 4773 eccieficslicn-

1193 4782 1216 4848 3
1761 4786 1837 4834 ram
