4784 5550
515 563 520 586 '
557 562 623 690 oa
646 547 1010 690 torutrauttts
1036 607 1106 686 ar
1132 545 1312 696 roums
1339 607 1749 695 ecciesiasticis·
1839 629 1912 714 177

468 798 558 895 peccati
568 796 688 868 occulti
704 821 780 868 reos
798 822 814 868 a
835 819 921 866 coetu
939 793 1088 868 fidelium
1105 793 1318 878 excludendi,
1344 821 1429 892 quos
1449 817 1509 870 nec
1523 794 1719 871 severissima
1734 795 1909 897 disciplina
1992 831 1998 842 ¹

430 939 433 958 ι
462 899 712 994 tdpuuitentiam
730 895 896 992 publicam
916 894 981 964 ulla
996 893 1131 969 censura
1153 897 1291 986 coegit?
1322 919 1388 969 tan.
1411 923 1445 982 3.
1466 903 1525 970 VI.
1546 923 1579 981 o.
1594 904 1641 970 II.
1667 901 1755 992 (Iup,
1775 907 1811 982 s·
1834 881 1916 992 ιό.)

459 999 493 1089 ς.)
508 1002 631 1090 legitime
645 999 811 1091 prolatum,
837 994 931 1087 eujus
946 991 1062 1065 autina
1071 1015 1126 1064 aut
1148 991 1265 1086 sponte
1282 989 1443 1064 coufeffus
1462 1018 1518 1065 aut
1540 995 1639 1090 plene
1660 994 1830 1067 convildus
1847 995 1907 1074 est.
1924 1003 1927 1008 '

458 1107 510 1166 cu.
529 1124 580 1167 ir.
604 1113 656 1172 tt.
677 1101 725 1165 II.
744 1119 776 1188 q.
803 1097 827 1164 I.
880 1097 958 1190 Quo
980 1097 1069 1163 enim
1090 1091 1196 1183 major
1219 1089 1264 1162 est
1286 1116 1401 1186 paena,
1427 1117 1470 1164 eo
1489 1097 1624 1183 gravior
1642 1093 1735 1166 eausa
1753 1099 1908 1180 crimina·

456 1195 495 1275 lis,
516 1219 554 1264 eo
574 1194 766 1264 adcuratior
785 1190 856 1284 ejus
879 1189 1032 1262 tanslatio
1053 1193 1264 1284 requiritur,
1297 1213 1334 1259 ut
1353 1187 1444 1262 reste
1463 1195 1603 1262 omniuo
1622 1199 1907 1264 &AUGUSTI-

455 1300 522 1364 Il'US
539 1295 606 1360 libr.
626 1297 662 1360 de
688 1292 793 1380 fid&
816 1314 892 1379 optt.
916 1314 978 1382 cap.
1003 1303 1058 1360 τό.
1081 1293 1143 1360 triu
1166 1309 1378 1382 peccatorum
1401 1312 1523 1379 genera
1548 1287 1748 1370 distinxerit,
1782 1291 1907 1384 &gra-

455 1394 542 1483 uffima
558 1411 686 1459 tantum
711 1389 1054 1458 excommunicatione
1079 1385 1270 1481 plellenda:
1300 1393 1452 1480 grauiam
1476 1391 1668 1480 paenitentia
1691 1385 1840 1480 publica:
1863 1393 1907 1462 It·

454 1513 519 1560 auia
532 1488 666 1559 tandem
681 1490 810 1581 privata
827 1485 859 1556 dr
876 1486 1070 1581 quotidiana
1098 1486 1334 1582 deprecatione
1352 1486 1526 1582 purganda
1541 1483 1604 1560 else
1619 1485 1806 1560 tradiderit.

431 1755 434 1760 ¹
479 1673 540 1744 rt.
561 1672 637 1738 oo
656 1672 743 1738 triv.
760 1671 796 1735 u
809 1669 904 1753 aazia.
926 1669 1018 1736 aaa.
1036 1668 1141 1754 discit·
1164 1669 1291 1758 omit.
1316 1673 1384 1740 111.
1402 1691 1467 1759 cap,
1485 1674 1532 1741 tt,

2052 1783 2069 1824 Χ

1100 1910 1138 1996 S.
1186 1906 1232 1984 L.

433 2069 442 2092 ‘
503 2099 507 2109 ·
540 2061 635 2136 Hine
651 2060 790 2157 adparet
812 2061 863 2150 t.)
880 2062 1256 2136 excommunicationem
1270 2062 1370 2136 latam
1387 2047 1451 2160 pto
1461 2063 1527 2136 levi
1542 2060 1640 2160 culpa
1655 2059 1689 2134 dx
1704 2057 1826 2134 delislo
1842 2053 1904 2134 else
1916 2067 2089 2135 cantura·

449 2183 496 2230 ron
511 2157 614 2234 solum
637 2159 808 2254 injuslam,
840 2159 895 2232 secl
911 2159 982 2257 ipso
1004 2162 1079 2256 jure
1101 2163 1245 2243 tutillam,
1279 2188 1297 2232 a
1321 2187 1522 2258 quocunque
1538 2158 1675 2233 feratur.
1692 2186 1757 2233 tan.
1773 2179 1822 2260 ¹8.
1844 2156 2077 2250 42.iust13050·

447 2259 493 2332 XI.
508 2287 535 2353 q.
561 2267 627 2330 III.
648 2264 690 2328 Et
720 2262 768 2349 2.)
787 2285 886 2341 eum,
921 2263 977 2354 qui
993 2257 1198 2330 excusatura
1221 2261 1318 2354 culpa
1336 2263 1489 2345 mortali3
1520 2256 1664 2330 excusati
1680 2282 1780 2328 enam
1797 2282 1903 2327 aceu-
1916 2241 2089 2302 “mentun

447 2353 503 2426 suri
517 2361 869 2430 excommunicationis
893 2357 970 2426 licet
986 2355 1179 2466 simpliciter
1201 2358 1233 2428 dt
1255 2357 1319 2429 siue
1339 2363 1533 2454 exceptione
1551 2355 1722 2450 impostae.
1753 2353 1804 2450 3.)
1820 2379 1905 2450 quo·

446 2453 611 2527 adcausam
629 2456 813 2548 legitimam
835 2481 900 2526 uon
924 2451 986 2526 elle
1003 2454 1178 2528 discrimen
1202 2451 1391 2528 faciendum
1415 2460 1502 2527 inter
1515 2457 1691 2526 anatliema
1709 2452 1762 2524 seu
1778 2477 1910 2524 eteouta
1933 2509 1937 2522 .

441 2557 685 2626 municationcm
706 2551 873 2624 solennem
897 2551 1140 2649 defimplicem,
1177 2578 1253 2624 cum
1276 2555 1365 2624 idem
1382 2552 1419 2626 fit
1442 2559 1618 2650 utriusque
1638 2549 1906 2643 consetlatium,

441 2649 512 2744 (sup.
528 2660 560 2744 §.
577 2660 636 2740 46.
655 2649 734 2746 47.)
757 2652 866 2721 totalis
887 2677 1008 2748 nempe
1030 2650 1069 2720 ab
1089 2651 1223 2726 ecclesia
1242 2650 1393 2746 rejeclio.
1419 2653 1475 2742 4.)
1497 2657 1655 2724 Nimium
1672 2675 1834 2746 quantum
1854 2673 1907 2720 er·
2032 2727 2035 2732 ¹
2083 2651 2089 2668 ¹

440 2755 546 2823 cedere
562 2753 638 2821 illos
656 2753 832 2831 Ptaelatos,
867 2753 924 2843 qui
944 2774 1084 2847 propter
1102 2776 1155 2823 res
1180 2776 1273 2822 mere
1289 2755 1497 2846 pecuniarias
1520 2749 1679 2822 &causas
1702 2747 1906 2845 temporales

434 2848 488 2921 hoc
512 2874 685 2921 armorum
709 2873 812 2940 genus
838 2846 997 2944 usurpant
1027 2874 1089 2940 cap.
1116 2876 1146 2935 3.
1169 2854 1206 2921 de
1236 2852 1324 2935 (altit.
1352 2854 1409 2942 qui
1433 2854 1522 2918 enim
1548 2875 1611 2942 pro
1627 2846 1703 2916 solis
1721 2851 1906 2917 incommo-

436 2949 477 3018 dis
494 2946 736 3045 temporalibus
762 2949 921 3017 evitandis
946 2969 1002 3015 aut
1022 2947 1207 3017 commodis
1233 2948 1377 3040 politicis
1401 2946 1632 3016 conservandis
1655 2969 1810 3015 aetetuatn
1834 2944 1906 3015 vult

434 3045 578 3139 infligere
594 3067 759 3125 mortem,
789 3047 841 3115 cui
858 3043 967 3140 quaeso
991 3043 1102 3114 smilis
1120 3048 1212 3115 etit?
1238 3046 1290 3114 Illi
1312 3046 1471 3113 nimirum
1493 3041 1691 3139 (respondet
1711 3048 1905 3113 GEIISON.

433 3148 537 3218 sevit.
549 3145 647 3240 spirit.
672 3150 755 3233 Laii.
784 3149 845 3216 IV.
870 3148 967 3213 Catil.
986 3143 1044 3229 Is.)
1062 3148 1113 3234 qui
1129 3148 1237 3214 volens
1261 3146 1380 3235 abigere
1398 3143 1527 3234 muscam
1549 3170 1568 3212 a
1588 3144 1693 3230 fronte
1714 3145 1811 3213 vicini
1837 3161 1905 3209 eain

432 3242 517 3333 secuti
530 3248 698 3338 parturiens
713 3247 849 3312 uicinum
867 3242 996 3332 stolidus
1023 3243 1254 3326 excerebravit,
1284 3263 1340 3310 aiat
1361 3247 1388 3312 ti
1410 3265 1515 3330 parem
1534 3246 1680 3319 dixerim,
1714 3239 1905 3331 quidudum

432 3348 608 3414 tutationem
624 3346 730 3411 modici
757 3344 895 3410 vilitatis
915 3344 944 3407 in
959 3343 1031 3431 pede
1047 3346 1112 3430 equi
1128 3344 1231 3432 pedem
1252 3340 1404 3433 confestim
1419 3343 1538 3434 abrupit
1555 3342 1589 3411 {a
1600 3342 1713 3427 Jcidit,
1740 3359 1904 3427 tquuinque
1978 3386 1982 3399 .

431 3446 560 3535 premit.
619 3439 667 3526 5.)
682 3442 758 3507 Nec
775 3441 883 3507 minua
900 3434 990 3506 sacro
1014 3432 1154 3507 fulmine
1173 3436 1265 3507 abuti
1283 3461 1341 3508 eos
1362 3439 1444 3508 dixit
1460 3438 1656 3531 antiquitas,
1682 3436 1740 3525 qui
1761 3455 1926 3528 propter„
1986 3430 1991 3442 '

432 3540 570 3633 privatas
599 3534 656 3608 fibi
680 3536 784 3605 illatas
807 3537 946 3629 injurias
968 3558 1171 3630 quemquam
1196 3534 1404 3605 anathemate
1431 3530 1581 3605 ferirent.
1633 3535 1666 3601 8.
1694 3534 1903 3603 Gitanoa.

432 3640 477 3707 iil.
494 3641 543 3707 II.
566 3636 657 3727 Iz'piII.
676 3658 733 3720 34.
749 3642 824 3702 can.
846 3658 905 3712 27·
920 3635 1089 3703 XXXIII.
1107 3658 1135 3723 q.
1161 3638 1224 3705 IV.
1276 3634 1316 3723 6)
1342 3628 1565 3703 Reciissimea
1590 3627 1742 3700 Concilio
1755 3626 1903 3699 Tridenn
1951 3678 1955 3685 «

431 3734 498 3805 tino
512 3730 724 3806 observatum
740 3727 818 3811 esse,
845 3733 1220 3805 excommunicationem
1235 3731 1383 3815 fiteuim
1406 3751 1461 3801 aut
1482 3732 1601 3802 levibus
1614 3754 1653 3798 ex
1673 3729 1758 3796 telus
1774 3731 1905 3797 incutiai

433 3837 586 3925 cirurgis
602 3835 748 3901 cantemui
763 3855 852 3920 qaam
868 3830 1050 3920 fotiuidati,
1075 3832 1109 3903 ὅ
1129 3834 1293 3925 perniciem
1310 3835 1409 3926 potius
1428 3853 1554 3926 parate,
1577 3850 1668 3921 quam
1684 3824 1813 3915 salutem
1830 3820 1904 3916 Stff.

434 3930 538 4005 XXV.
560 3952 624 4022 cap.
640 3953 672 4016 3.
697 3930 733 3996 de
755 3928 878 4019 testim.

490 4094 572 4165 Van
585 4093 733 4160 'Esaeae
769 4095 799 4158 Τ
795 4096 868 4162 ruli.
888 4099 937 4164 tii.
958 4114 1022 4181 cap.
1046 4094 1108 4161 IV.
1127 4091 1315 4161 Batanaia.
1334 4094 1385 4160 lot.
1408 4097 1457 4161 rit.
1476 4112 1541 4180 cap.
1562 4094 1630 4160 III.
1654 4092 1687 4175 δ.
1706 4110 1753 4175 13.
1770 4086 1830 4173 [tq.

1090 4296 1118 4385 §.
1170 4290 1239 4368 Ll.

539 4444 703 4515 Ptererea
719 4465 828 4538 neque
840 4468 955 4518 omnes
969 4470 1178 4537 peccatores,
1209 4446 1267 4539 qui
1282 4441 1440 4516 delislum
1464 4443 1804 4517 excommunicatione
1829 4441 1897 4535 dig·
1909 4450 2086 4515 Contuma-

430 4562 504 4611 tiutn
527 4538 748 4621 admiserunt,
776 4541 880 4612 slatim
907 4546 1114 4617 anathemate
1137 4541 1277 4615 feriendi
1301 4542 1386 4619 sunt.
1437 4548 1632 4613 cantamina
1655 4532 2085 4635 dclinqtienua,eia&urae-

430 4634 590 4715 scelestam
611 4662 805 4715 monentem
828 4640 945 4719 audire
966 4646 1135 4721 renuentis
1158 4646 1363 4741 requiritur,
1382 4642 1520 4718 amauit.
1544 4646 1638 4720 XIII.
1662 4666 1716 4733 17·
1749 4640 1812 4711 Sed
1837 4622 2086 4715 „perimmani-

473 4732 603 4819 Touutt
625 4732 716 4817 VII.
1315 4744 1344 4814 Ζ
1777 4714 2026 4833 quailsl¹⁰¹¹⁸⁸·
