4784 5550
504 599 1908 742 annuetis.nonsitrationisacctas.innocentii.ae.351
1999 631 2002 636 ·

450 821 500 894 gae
513 793 730 894 presumptio
744 795 911 889 qualitatis
934 793 1161 903 Ecclefiallitae
1178 796 1212 880 ξ.
1229 799 1273 872 V.
1290 793 1500 892 prestabilita
1523 823 1561 870 cit
1580 824 1621 872 eo
1638 779 1791 885 eliditur,
1818 807 1909 900 quod

446 897 521 980 laici
540 895 732 990 hujusmodi
753 897 908 965 Decimus
931 891 1127 986 possidentes
1150 893 1239 964 nulla
1256 919 1318 987 pro
1335 897 1374 963 iis
1396 890 1525 966 servitio
1546 921 1602 968 aut
1625 896 1793 972 fidelitatis
1816 906 1910 999 juro·

440 987 1137 1074 intutumsecundumnatutamseudorum
1157 990 1484 1087 Ecclesiaepraellent.
1528 999 1575 1064 Ex
1591 999 1799 1072 immunitate
1814 1007 1904 1074 enim
2007 1061 2011 1070 .

438 1083 690 1186 ‚iterantis-non
713 1088 818 1162 slitini
841 1094 1025 1172 evincitur,
1059 1091 1148 1186 quod
1174 1089 1253 1160 tales
1279 1093 1425 1162 Desinite
1447 1089 1487 1162 ab
1509 1093 1606 1163 initio
1627 1119 1692 1164 non
1718 1091 1842 1169 suerint
1866 1100 1907 1171 ab

435 1187 572 1276 Ecclesia
593 1185 763 1286 proseslae.
814 1187 986 1280 Siquidem
1004 1214 1066 1259 uno
1091 1213 1129 1259 eit
1148 1211 1243 1285 parte
1262 1183 1446 1258 infeudatio
1464 1213 1525 1260 nec
1542 1187 1628 1260 solus
1648 1193 1679 1264 dr
1703 1197 1819 1265 unicus
1842 1193 1908 1270 fuit

433 1287 563 1372 ¹e'aidetn
581 1291 615 1359 in
635 1290 751 1358 Laicos
770 1283 992 1360 transferendi
1017 1287 1156 1370 modus,
1188 1311 1248 1356 nec
1269 1287 1458 1357 immediate
1477 1286 1608 1382 semper
1631 1291 1670 1360 ab
1690 1291 1829 1363 Ecclesia
1849 1319 1907 1368 aut

430 1385 625 1486 Episcopo,
659 1384 711 1457 sed
738 1410 755 1455 e
778 1383 974 1478 Regibus&
999 1383 1208 1479 Principibus
1230 1381 1377 1480 persepe
1393 1380 1478 1456 seila
1499 1382 1584 1468 suit3
1619 1389 1723 1459 altera
1745 1415 1783 1457 eir
1809 1415 1907 1486 parte

430 1489 462 1582 'p'
501 1482 597 1557 llario
613 1484 823 1555 servitiorum
848 1480 975 1553 nonest
992 1479 1217 1562 substantiale,
1245 1479 1299 1552 scd
1319 1504 1445 1552 tantum
1461 1486 1610 1554 naturale
1631 1485 1819 1557 contrasius
1835 1486 1906 1560 seu·

430 1511 532 1672 ὥς
561 1583 649 1654 unde
675 1579 794 1676 paslo,
822 1579 854 1651 dt
876 1579 1115 1674 consequenter
1133 1584 1232 1651 etiam
1250 1578 1522 1676 prescriptione,
1556 1581 1696 1680 aliisque
1714 1587 1821 1656 modis
1847 1579 1905 1658 illa

430 1679 590 1780 obligatio
614 1680 686 1752 tolli
712 1675 840 1775 potest,
871 1679 1153 1773 quemadmodum
1176 1677 1248 1747 dari
1271 1672 1409 1749 seudum
1431 1683 1616 1762 Francum,
1657 1686 1692 1750 itt
1716 1707 1784 1776 quo
1814 1686 1905 1757 nulla

434 1767 625 1880 psallantur
646 1775 798 1862 servitia,
832 1803 930 1848 nemo
949 1775 1012 1857 est,
1039 1780 1096 1872 qui
1122 1779 1253 1868 ignoret
1279 1777 1329 1864 a).
1380 1785 1534 1868 Augetur
1560 1804 1640 1848 vero
1665 1779 1903 1875 presumptio,

435 1883 496 1994 φο
509 1873 727 1950 universalius
744 1877 808 1946 ltoc
823 1875 884 1968 Jus
905 1879 1118 1946 Decimarum
1136 1870 1288 1968 possessor
1306 1876 1421 1944 Lcicus
1444 1879 1606 1954 exercuit,
1633 1879 1665 1945 in
1685 1877 1797 1970 plures
1814 1882 1905 1952 vide·

432 1973 504 2060 litet
521 2001 587 2048 non
607 1998 764 2067 agrorum
783 1998 930 2054 tantum,
957 1971 1010 2042 sed
1030 1973 1061 2042 ἃ
1084 1973 1242 2044 arborum
1262 1973 1293 2042 dt
1314 1973 1506 2042 animalium
1524 1969 1652 2043 sruslus
1674 1975 1705 2044 dt
1727 1971 1901 2050 sruiiuum

431 2069 551 2172 species
574 2096 789 2169 quascunque
812 2076 844 2141 in
872 2097 987 2142 natura
1009 2068 1187 2142 extensum.
1236 2074 1286 2139 lta
1309 2070 1397 2139 enim
1424 2069 1601 2141 secundum
1624 2077 1717 2170 Juris
1742 2078 1903 2146 Canonici

431 2175 488 2272 per
502 2171 708 2267 capitularia
727 2171 757 2240 n
777 2173 880 2260 Leges
900 2172 1022 2264 patrias
1042 2169 1189 2261 adoptati
1209 2169 1355 2238 rationes
1370 2191 1559 2247 exercetur,
1585 2171 1676 2262 quod
1700 2173 1733 2238 in
1753 2159 1902 2243 Decimii

433 2293 467 2342 ex
480 2272 611 2362 origine
628 2265 683 2339 sua
707 2268 737 2340 dt
756 2292 848 2338 mere
868 2267 1054 2336 Laicalibus
1074 2265 1275 2361 plerumque
1293 2261 1425 2348 deficit,
1449 2289 1522 2359 quae
1545 2288 1672 2338 tanturn
1690 2287 1726 2336 ut
1743 2292 1904 2358 agrorum

432 2355 587 2442 ensis&
608 2366 731 2438 tributa
749 2363 893 2458 Regibus
912 2366 942 2432 vi
961 2361 1107 2458 supremi
1128 2365 1265 2460 imperii
1280 2385 1337 2435 eut
1358 2363 1393 2435 in
1408 2365 1673 2458 recognitionem
1688 2363 1829 2439 dominii
1840 2365 1904 2459 ¹di·

435 2459 509 2542 'itui
524 2465 670 2540 dominis
686 2463 796 2537 debita
815 2460 1104 2536 considerabantur
1122 2457 1169 2553 b).

1068 2702 1101 2804 s.
1158 2699 1258 2775 vit.

430 2902 447 2950 e
538 2878 692 2953 infinitos
710 2880 869 2949 nimitum
889 2870 1086 2948 modossive
1100 2870 1202 2966 juslos
1220 2867 1284 2943 live
1305 2864 1442 2961 injussos
1460 2865 1596 2941 bisloria
1615 2872 1833 2950 Ecclesiallica
1848 2904 1902 2953 ex.

430 2976 535 3064 wer,
562 2979 685 3077 quibus
703 2982 849 3050 Decime
870 2976 910 3045 ab
929 2970 1077 3045 Ecclesiis
1098 2976 1131 3041 iti
1151 2972 1266 3040 Lticos
1284 2968 1447 3039 translate
1463 2964 1534 3037 sitit.
1581 2970 1791 3045 Liberiorem
1812 2980 1902 3049 vide·

431 3078 501 3173 ficet
516 3082 647 3171 Regum
663 3082 869 3147 Francorum
894 3075 934 3143 dc
953 3076 992 3143 iis
1013 3066 1282 3163 dispositionem,
1315 3089 1352 3135 ut
1369 3089 1444 3133 mox
1468 3064 1734 3158 prelibavimus,
1759 3096 1901 3167 praepn.

435 3170 488 3249 bit
506 3200 772 3249 commemorare
789 3170 967 3268 possumus.
1019 3173 1067 3238 Hi
1087 3171 1175 3238 enim
1195 3160 1378 3236 nceeffitate
1399 3162 1431 3232 dt
1451 3160 1592 3252 egestate
1607 3164 1724 3259 pressi,
1750 3171 1790 3238 ad
1809 3168 1901 3241 solli.

440 3278 529 3347 ntttda
551 3272 735 3371 presertim
759 3272 890 3363 publica
912 3271 1037 3337 militie
1061 3288 1161 3337 onera
1179 3266 1333 3333 Decimae
1357 3262 1514 3331 Parochis
1538 3286 1739 3358 praereptas,
1769 3266 1847 3339 sicui
1866 3271 1900 3341 δι

442 3373 489 3445 tlit
510 3374 591 3445 bona
614 3368 831 3442 Ecclesallica
851 3372 884 3437 iti
901 3366 1099 3462 slipendium
1120 3362 1150 3431 dt
1169 3364 1344 3457 premium
1368 3357 1517 3429 laborum
1539 3384 1575 3429 ac
1594 3366 1792 3434 meritorum
1815 3369 1901 3436 mili·

441 3474 544 3541 titium
563 3468 749 3541 Nobilibus
766 3465 1021 3545 distribuerunt,
1042 3461 1073 3531 id
1090 3484 1221 3556 aequum
1241 3463 1321 3538 rati,
1347 3482 1402 3537 ut,
1426 3480 1500 3526 cuni
1520 3457 1643 3527 milites
1662 3458 1753 3529 finiul
1768 3486 1830 3555 pro
1845 3466 1900 3534 de·

441 3562 567 3641 Rusone
585 3565 801 3639 Ecclestarilm
821 3590 910 3633 arma
928 3560 1010 3633 tioiti
1028 3556 1211 3636 inferrent,
1239 3554 1415 3625 subsidium
1435 3553 1613 3645 quoddam
1624 3580 1662 3626 ex
1682 3582 1769 3651 penu
1790 3562 1901 3632 Eccle.

443 3662 496 3749 se,
529 3668 704 3739 deficiente
728 3667 845 3733 aerario
869 3660 1022 3758 publico,
1060 3660 1260 3751 acciperent.
1318 3656 1467 3723 Primum
1496 3651 1593 3744 hujus
1618 3657 1721 3724 moris
1747 3681 1899 3729 autorem

443 3767 650 3840 tinniunt
684 3768 987 3834 Mantinon
1020 3753 1133 3853 patim
1157 3775 1300 3844 arguunt
1326 3751 1456 3821 Eruditi
1483 3752 1536 3838 a).
1582 3754 1723 3824 Etcum
1748 3758 1799 3825 liis
1828 3760 1897 3827 Pa.

1779 3872 1897 3927 Titus

468 4036 502 4118 ι)
522 4030 759 4099 enituisti
779 4027 902 4108 Colleg.
922 4025 1018 4089 Univ.
1039 4020 1103 4093 Jnr.
1124 4019 1199 4083 cni.
1222 4014 1289 4078 Lib.
1307 4012 1364 4076 lll.
1393 4011 1458 4076 Tit.
1477 4010 1581 4081 XXX.
1602 4019 1630 4097 ς.
1648 4036 1678 4083 2.
1700 4038 1784 4085 num,
1799 4042 1850 4105 37,

465 4156 495 4237 b)
517 4153 611 4218 eoas.
627 4149 716 4215 Card.
733 4167 777 4208 οε
795 4150 889 4210 Lucii
912 4146 950 4206 de
975 4143 1112 4205 Decimii
1131 4135 1188 4201 Dis
1204 4181 1211 4198 .
1227 4134 1257 4198 ό.
1282 4132 1432 4197 numid.
1452 4132 1484 4193 dr
1500 4152 1548 4215 17·

462 4294 496 4377 a)
521 4292 569 4355 De
592 4286 738 4351 Cnitoio
763 4284 959 4345 linimento
982 4288 1075 4338 vetus
1101 4273 1312 4371 fragmentum
1337 4268 1375 4329 de
1403 4266 1576 4365 lllnjoribus
1603 4262 1727 4357 Domus
1750 4266 1897 4365 Reginae

535 4374 653 4437 Ρετοο
672 4369 834 4430 Pinario
854 4366 971 4424 editum
994 4360 1056 4420 hoc
1077 4366 1209 4436 prodit:
1239 4352 1403 4414 Ceionius
1430 4352 1535 4415 illator
1557 4350 1673 4412 Domus
1689 4348 1728 4412 l&
1751 4352 1897 4434 Ausim.

533 4476 604 4521 tutti
624 4455 762 4529 liittrtps
777 4468 823 4510 res
843 4446 1035 4524 Ettlefinritnt
1052 4452 1178 4522 propter
1196 4436 1394 4520 nffiniitnicni
1415 4420 1559 4494 belldruni
1579 4432 1680 4493 [loiris
1699 4434 1805 4496 trittlit.
1851 4446 1854 4451 '

577 4572 628 4637 Ex
653 4571 791 4653 quodam
812 4566 913 4626 veteri
935 4560 1096 4623 Chronico
1123 4559 1204 4620 idern
1222 4554 1318 4617 refert
1343 4551 1504 4647 loannes
1522 4548 1714 4613 stetissetis
1737 4554 1767 4613 in
1781 4552 1843 4645 suo
1860 4554 1896 4616 de

538 4656 709 4735 Sacrilegio
734 4652 824 4714 Inito
846 4642 1102 4704 Commentario:
1122 4640 1304 4731 canorus,
1327 4639 1370 4697 ait
1388 4633 1581 4729 Clitoritcon,
1597 4644 1723 4727 prepter
1737 4634 1894 4723 effidima.

534 4754 594 4807 ttni
613 4738 756 4803 baiarum
776 4732 915 4797 Decimus
936 4724 974 4792 &
989 4725 1137 4809 quasdam
1156 4723 1235 4787 alias
1254 4739 1302 4785 ret
1322 4716 1536 4801 Ecclesiasticus
1557 4712 1662 4779 Latin
1680 4716 1817 4800 caninis.
