4784 5550
451 619 523 708 146
696 605 1161 687 REPETlTlO
1212 603 1729 692 orscuxstvn

448 819 516 870 non
532 793 639 892 juret,
663 786 717 864 sed
727 793 866 883 syndicus
879 790 1018 881 etelefiaet
1041 789 1105 862 boc
1121 784 1193 886 ipso
1206 786 1280 882 jure
1293 808 1432 859 utuntur
1446 784 1601 882 quelibet
1611 793 1742 882 corpere
1754 787 1925 872 [eteleriee

451 918 534 987 ergo
551 891 660 991 quoad
678 892 920 961 immunitatem
938 890 977 959 ab
995 890 1057 958 boc
1070 887 1289 982 jurejurando
1307 887 1456 958 Clericus
1474 886 1525 956 vel
1542 884 1645 966 nibil,
1669 885 1722 955 vel
1745 883 1924 956 admodum

374 1007 387 1020 “
451 1015 591 1090 parum,
619 991 846 1086 praerogatiuae
864 989 963 1058 babet
978 1012 1046 1081 prae
1066 987 1200 1055 bomine
1216 985 1311 1053 laico.
1362 987 1400 1053 C.
1431 988 1551 1074 Nego,
1577 981 1667 1078 quod
1683 1003 1815 1071 tempere
1832 989 1926 1051 Hene-

452 1097 491 1161 tri
508 1084 611 1159 suerit
626 1092 819 1156 alternatim
843 1091 1000 1177 obligatio,
1027 1108 1082 1152 aut
1102 1084 1295 1176 personaliter
1309 1085 1448 1168 p'ttratrdi,
1471 1104 1527 1150 aut
1548 1079 1644 1148 dandi
1668 1083 1847 1149 tetenderunt
1865 1087 1923 1168 (pe-

451 1182 698 1281 tiele,jurandi
722 1186 915 1253 inanimam
939 1185 1072 1252 Clerici.
1123 1179 1535 1272 l'rdelltprnNum.55.
1587 1174 1920 1271 Qridpnlieneonlii·

453 1307 560 1354 tutum
583 1278 701 1360 suerit,
731 1306 795 1348 non
818 1278 861 1349 ell
880 1280 978 1372 hujus
997 1279 1078 1357 loci,
1103 1301 1221 1370 utpote
1245 1283 1363 1371 inquo
1384 1273 1516 1370 precise
1541 1274 1775 1368 disquirimus,
1801 1277 1842 1344 ed
1856 1277 1924 1366 petii

452 1403 605 1450 terreretur
625 1385 755 1449 carneres
771 1384 801 1445 in
818 1384 884 1445 uitet
901 1383 987 1457 breint
1005 1382 1157 1468 caperent
1185 1380 1238 1444 Pa
1249 1395 1272 1443 N
1283 1397 1305 1441 (t
1319 1397 1338 1441 u
1350 1394 1376 1442 Μ
1389 1395 1435 1444 ιτ
1446 1400 1465 1443 n
1478 1395 1501 1442 Ν
1515 1393 1538 1442 0
1563 1371 1732 1452 sentienti,
1759 1371 1852 1467 quod
1866 1377 1922 1442 int·

453 1481 595 1546 munitas
612 1477 680 1545 baec
696 1475 875 1553 clericalis,
902 1470 954 1542 seu
972 1478 1187 1566 prerogativa
1202 1497 1271 1568 prae
1288 1472 1377 1542 luicis
1400 1494 1527 1541 tanturn
1543 1473 1575 1538 in
1595 1495 1636 1540 eo
1657 1465 1866 1548 conlittisset,
1890 1495 1922 1542 ne

376 1567 380 1574 ⁵
453 1596 612 1666 tangerent
632 1575 818 1662 Evangelia,
834 1571 988 1640 accedere
1005 1597 1068 1639 non
1086 1569 1231 1666 polluta,
1248 1592 1388 1662 propter
1404 1568 1521 1638 rerba:
1546 1573 1677 1638 Clericus
1691 1572 1937 1658 omninop'ruea

456 1697 487 1741 re
505 1697 563 1740 trett
580 1674 713 1738 rudent:
737 1697 755 1736 a
769 1672 939 1757 jurerncrtto
953 1677 1100 1737 etlnntme
1115 1669 1274 1761 prestando
1290 1672 1327 1750 fit
1343 1671 1503 1735 ttnrtrttnit:
1527 1669 1664 1736 minime
1681 1672 1785 1749 iurare
1800 1673 1922 1737 audeat:

328 1829 331 1834 .
453 1791 562 1863 neque
583 1774 671 1836 enirn
692 1766 772 1835 dicit
789 1788 913 1838 textos:
943 1773 1074 1836 cierttttt
1088 1771 1191 1857 p'ertt,
1214 1766 1266 1851 sed
1289 1791 1345 1834 ern
1364 1787 1487 1856 tegerer
1508 1785 1631 1856 retegere
1651 1767 1848 1856 Euangelus
1870 1787 1923 1836 ne·

454 1889 520 1959 que
545 1867 671 1937 etiam:
718 1869 895 1933 clericus
924 1890 980 1932 eron
1011 1884 1134 1954 regetur
1157 1862 1375 1932 determinate
1404 1861 1601 1954 personaliter
1621 1867 1755 1952 p'ttrere,
1796 1861 1853 1950 led
1874 1865 1925 1934 vri

454 1963 671 2051 personaliter,
703 1966 759 2031 vel
777 1983 831 2048 prr
851 1966 1092 2039 mandatarium,
1111 1965 1176 2052 ,qui
1200 1965 1236 2030 dt
1251 1963 1371 2052 [periali
1393 1961 1534 2028 mandare
1545 1963 1629 2048 p'ttter
1651 1964 1684 2030 in
1700 1963 1835 2028 enimam
1856 1963 1924 2052 titre,

456 2063 677 2153 Quapropter
697 2081 812 2128 omnes
828 2055 894 2128 issae
916 2057 1151 2154 explicationes
1170 2056 1333 2128 debentur
1348 2056 1455 2125 inutili
1477 2079 1628 2126 veterum
1643 2054 1770 2136 lludio,
1796 2063 1925 2147 capitale

456 2157 555 2250 hujus
572 2157 657 2227 tituli
672 2157 833 2249 posteriore
848 2156 1043 2229 conciliandi
1062 2179 1138 2225 cum
1155 2151 1324 2248 presenti:
1351 2178 1410 2223 noa
1430 2175 1540 2224 aurern
1557 2155 1740 2249 repetimus
1756 2153 1945 2251 bocCapb,

454 2255 582 2335 tulum,
608 2269 753 2346 tanquam
772 2255 798 2339 fi
817 2255 976 2346 pelletiere
1000 2258 1140 2347 capitula
1163 2278 1221 2321 nen
1244 2252 1336 2343 efferte
1361 2256 1392 2320 in
1413 2255 1541 2331 mundo,
1567 2247 1756 2321 ut'rellunt
1782 2247 1928 2346 sensum,

455 2351 562 2443 qualis
580 2373 709 2443 tempere
724 2357 849 2420 Horatii
872 2350 1135 2440 intelligebatur,
1161 2345 1379 2443 assequamur.
1431 2350 1543 2418 Altera
1568 2373 1645 2444 pars
1666 2353 1855 2439 argumenti
1875 2373 1926 2444 pe·

454 2451 537 2519 riter
559 2473 624 2516 non
640 2445 792 2526 substllir;
817 2472 891 2517 nam
906 2447 947 2517 de
966 2447 1040 2540 jure
1054 2449 1141 2516 civili
1162 2447 1194 2515 a
1212 2449 1371 2515 canonico
1385 2468 1458 2515 erere
1473 2451 1625 2516 conditum
1644 2471 1706 2540 cap.
1724 2461 1757 2514 6.
1773 2450 1804 2518 b.
1822 2468 1845 2518 t.
1862 2469 1924 2516 non

455 2544 660 2615 liberabatur
683 2541 875 2613 universitas
898 2540 1058 2613 saecularis
1077 2568 1093 2612 a
1111 2541 1317 2638 prestatione
1341 2542 1440 2636 hujux
1457 2542 1635 2636 juramenti
1659 2567 1721 2638 per
1736 2543 1819 2624 boc,
1838 2541 1924 2641 quod

456 2639 526 2736 ipsa
543 2663 655 2732 ageret
673 2664 734 2736 per
751 2641 943 2735 syndicum.
969 2647 991 2712 l.
1010 2667 1040 2710 2.
1057 2647 1088 2734 §.
1105 2669 1138 2720 5·
1159 2651 1194 2710 c.
1212 2644 1247 2714 ld
1263 2663 1325 2732 cep.
1348 2666 1376 2726 3.
1393 2646 1422 2716 lt,
1442 2662 1465 2712 t.
1513 2639 1653 2711 Ecclesia
1672 2665 1752 2711 vero
1772 2640 1926 2714 liberabe-

455 2759 530 2820 tut,
544 2744 631 2831 quin
647 2738 768 2829 gaudet
783 2737 858 2830 jure
873 2738 1101 2809 Clericotum:
1128 2762 1186 2809 nec
1201 2737 1269 2808 ullo
1285 2763 1323 2807 etc
1340 2761 1429 2808 textu
1449 2734 1573 2809 ollendi
1594 2736 1714 2835 potell,
1744 2739 1837 2834 quod
1863 2745 1926 2831 Spr-

456 2843 538 2908 ditur
553 2834 667 2908 saltem
682 2840 811 2924 Ecclefie
826 2860 995 2911 teneretur
1010 2860 1152 2934 propter
1167 2836 1366 2907 calumniam
1381 2835 1494 2930 jurare
1508 2858 1638 2933 tempere
1654 2844 1792 2909 Henetii.

1131 3009 1160 3096 r·
1208 2986 1311 3081 v·'

506 3120 738 3218 Recensctrtt,
765 3145 839 3226 prta
852 3121 1100 3227 substqntnter·
1113 3122 1322 3295 peridepint
1347 3140 1473 3201 contro
1497 3119 1757 3219 observantiam
1779 3118 1886 3225 brty'rts
1942 3122 1945 3127 ’

1141 3240 1282 3321 optent.

577 3357 631 3423 57.
682 3336 728 3407 D.
755 3340 838 3406 Non
853 3337 1107 3410 admurmurare
1124 3364 1250 3409 tantum
1267 3338 1325 3410 ribi
1345 3338 1469 3422 debeo,
1493 3333 1673 3409 dollillime
1686 3338 1836 3408 Domine
1849 3338 1930 3408 Ceo·

457 3427 586 3513 didace,
613 3428 666 3502 scd
683 3436 783 3504 eriam
801 3434 1004 3532 applaudere
1019 3434 1284 3532 respoubonibus
1299 3438 1404 3507 datis:
1429 3462 1488 3506 cur
1503 3460 1613 3507 autent
1628 3434 1760 3505 noluisti
1776 3436 1929 3530 excipere

455 3527 561 3597 ullum
577 3554 810 3622 argumentum
824 3558 843 3600 t
856 3534 1224 3628 posterioribttrcapitrtlt's
1239 3534 1338 3618 buius
1354 3535 1467 3605 tituli?
1493 3538 1531 3608 C.
1548 3536 1647 3611 ldeo,
1667 3535 1744 3628 quie
1761 3532 1842 3603 nolo
1856 3554 1930 3603 con·

454 3624 589 3705 eiliare,
615 3652 689 3718 quae
710 3629 913 3700 concilianda
936 3657 1002 3701 non
1027 3629 1115 3703 sunt:
1142 3630 1196 3703 sed
1221 3636 1332 3728 potius
1356 3655 1464 3718 tecum
1489 3655 1622 3722 gernere
1642 3626 1706 3700 sata
1728 3632 1839 3713 Cleri,
1864 3652 1929 3699 non

456 3721 564 3791 multo
585 3721 673 3813 poll,
710 3724 886 3821 pertrasli,
922 3729 1052 3812 dicant,
1086 3733 1295 3810 annuentis,
1320 3732 1353 3798 in
1378 3729 1614 3822 obligationem
1639 3726 1930 3822 juramentorum?

457 3824 638 3887 Imrtmmres
662 3822 740 3900 illa,
767 3845 814 3892 tot
835 3825 957 3915 vigiliis
982 3832 1115 3898 Parrum
1138 3827 1300 3898 vindicata
1323 3824 1480 3897 hellenus
1502 3852 1594 3918 tttqtte
1617 3832 1657 3895 ed
1674 3825 1812 3916 sttulnm
1837 3828 1930 3907 llll,

457 3914 590 3985 tandem
606 3912 775 3989 succubuit
786 3922 904 4012 (pirittti
917 3930 1014 4018 legum
1028 3930 1269 4007 nrmttlanarrtm,
1296 3928 1328 3994 in
1349 3921 1460 3995 fotum
1478 3926 1682 3995 canonicum
1703 3922 1856 4015 gliscenti
1873 3919 1930 3993 sub

457 4019 550 4085 Lectio
563 4019 630 4084 ill.
648 4019 765 4089 eodem
782 4018 889 4089 adbuc
904 4019 1038 4105 seculo,
1062 4026 1149 4095 circa
1165 4048 1218 4096 atr.
1238 4035 1340 4100 1181.
1392 4027 1431 4091 D.
1455 4022 1540 4092 Mali
1558 4022 1678 4093 Clerici
1696 4021 1863 4093 dederunt
1878 4045 1931 4114 ptr

359 4202 365 4215 Ι
452 4110 594 4203 spiritum
619 4120 722 4184 mundi
741 4112 849 4186 ensem
867 4117 985 4213 (piritui
1006 4127 1158 4193 mundane
1182 4122 1270 4209 hujus
1291 4125 1386 4215 legis:
1420 4121 1576 4190 aitenim
1598 4124 1817 4192 Liciniis:
1842 4124 1933 4192 nevit

457 4212 564 4279 merlis
577 4236 659 4282 novt
677 4218 820 4286 convenit
833 4222 972 4286 antidota
988 4243 1162 4313 preparare.
1200 4221 1282 4313 Cap.
1307 4243 1339 4311 5.
1358 4220 1391 4288 b.
1409 4240 1434 4288 t.
1483 4215 1594 4288 Rescri
1622 4214 1659 4288 bt
1681 4240 1791 4288 aurern
1812 4217 1878 4289 boc
1900 4222 1933 4287 itt

431 4312 606 4396 'Angliam
627 4308 794 4409 Episcopo
814 4312 981 4396 Heliensr,
1019 4316 1305 4387 &archidiacono
1328 4312 1540 4385 Natuicensr:
1578 4243 1650 4386 aliis
1675 4313 1786 4385 verbis
1810 4316 1846 4385 itt
1869 4315 1934 4385 elie

458 4400 552 4470 causa
575 4404 785 4503 rescripserat
807 4410 896 4483 idem
918 4410 1068 4485 Pontifex
1091 4414 1195 4484 Atcbi
1224 4409 1390 4509 Episcopo
1409 4411 1651 4485 Cantuerienst:
1680 4433 1785 4484 eontra
1806 4412 1936 4493 diverse

458 4505 661 4611 eptpprinrenre
676 4512 843 4580 morientem
867 4516 961 4583 veria
987 4537 1039 4582 ms
1062 4516 1206 4582 convenit
1228 4516 1424 4581 meditamine
1443 4517 1598 4583 invenire.
1648 4510 1828 4611 Appendix
1846 4514 1935 4581 Con·

457 4595 527 4669 etltt
544 4601 697 4676 Lateran.
714 4609 776 4679 111.
788 4628 871 4703 pert.
889 4636 906 4682 e
913 4636 945 4699 3.
963 4617 1035 4709 cap.
1053 4622 1086 4684 6.
1112 4607 1318 4707 Compilatio
1342 4632 1415 4683 tnta
1438 4611 1576 4707 ceppin.
1599 4612 1630 4684 lt.
1652 4630 1698 4695 t.,
1723 4607 1949 4704 injunxitque.

1861 4708 1939 4788 Clee
