4784 5550
492 637 549 714 ll)
567 629 660 708 CAP.
679 631 707 710 Ι.
728 629 998 730 DEJURAM.
1025 628 1259 707 CALUMN.
1283 629 1405 708 tufts
1434 631 1719 710 FOS'l'ERtOR
1743 637 1811 712 dte.
1863 663 1933 738 139

572 839 627 912 45.
680 822 795 886 cantra
809 813 851 903 est
866 841 896 909 3.
923 812 983 884 Illa
999 810 1178 884 declaratio
1195 813 1366 912 justiniani
1380 813 1421 887 de
1438 812 1637 897 canonibus,
1661 805 1730 888 vim
1745 817 1856 912 legum
1875 821 1931 896 lta·

478 913 594 999 bituria,
620 908 666 984 ell
676 918 866 1008 generalior,
893 937 993 1007 quam
1011 917 1062 982 lex
1077 915 1139 981 :da
1155 919 1189 982 c.
1207 915 1236 981 lt.
1250 932 1295 986 t.‚·
1320 936 1418 1006 ergo,
1445 912 1623 986 secundum
1640 919 1804 1012 principia
1819 919 1933 993 nollra'

473 1012 572 1106 litans
583 1015 673 1104 ptiar.
693 991 790 1082 Mam.
809 1037 883 1099 ῃ..
908 1011 1089 1104 derogatur
1103 1011 1133 1080 ei
1151 1033 1212 1104 per
1227 1009 1336 1101 legem
1356 1012 1471 1083 adam:
1491 1018 1670 1084 antecedens
1685 1013 1827 1087 constat:
1852 1043 1930 1091 nam

470 1113 524 1186 ltec
537 1107 740 1206 proposttio:
767 1133 893 1180 canonas
907 1117 974 1181 uim
989 1116 1086 1202 legam
1099 1111 1264 1186 habebunt,
1290 1109 1389 1179 latius
1403 1133 1511 1206 patet,
1535 1135 1635 1206 quom
1649 1109 1726 1182 illa:
1754 1139 1853 1184 antae:
1863 1141 1930 1208 pat·

465 1217 523 1302 [ιιι
535 1214 711 1302 patattpales
726 1213 757 1277 itt
772 1213 894 1278 exordia
910 1213 973 1278 luis
987 1209 1136 1298 jurabant
1152 1211 1187 1275 de
1208 1213 1378 1288 calumnia,
1405 1230 1524 1305 utpote
1546 1234 1620 1305 quae
1637 1209 1792 1300 specialem
1813 1215 1932 1308 provi·

469 1305 573 1380 sonem
596 1308 757 1378 continet.
808 1310 847 1378 C.
873 1307 1052 1398 villingen:
1084 1302 1142 1374 nist
1160 1304 1470 1397 conjungaturcum
1490 1307 1543 1377 lita
1561 1308 1759 1396 fitlsatnenda
1781 1308 1931 1405 propoli·

468 1407 540 1478 tione
549 1403 683 1504 speciali
701 1407 738 1474 C.
750 1406 781 1474 si
791 1404 1010 1499 conjungatur
1028 1407 1075 1474 N.
1091 1405 1156 1472 Fac
1177 1400 1275 1472 illum
1294 1401 1540 1496 syllogismum,
1566 1403 1645 1476 stcut
1666 1400 1819 1486 fecerunt
1833 1412 1929 1479 Heu·

467 1505 557 1586 ricus,
583 1503 615 1574 dt
643 1505 839 1573 Honorius:
866 1528 964 1572 artinas
989 1507 1118 1572 Patram
1138 1509 1272 1570 Canaces
1291 1507 1360 1571 vim
1375 1508 1473 1594 legam
1495 1505 1627 1574 labant:
1651 1529 1709 1574 nan
1719 1509 1825 1594 jurata
1841 1511 1927 1578 cleti·

467 1603 548 1694 tattss
564 1609 669 1672 aaran
686 1606 837 1670 Pactam:
861 1627 929 1695 argo
947 1606 999 1670 aar
1015 1605 1082 1670 vim
1098 1603 1196 1690 legum
1220 1601 1329 1669 labat:
1355 1600 1387 1670 dt
1405 1625 1481 1670 mox
1496 1599 1622 1672 videbis
1645 1599 1804 1674 resultare
1817 1607 1930 1696 spatia·

469 1707 551 1870 l‘itdtata
570 1695 797 1796 provisionem
819 1698 862 1770 de
882 1724 948 1773 nott
969 1695 1115 1794 jurando
1128 1717 1243 1770 concta
1262 1718 1352 1769 tuam
1367 1705 1541 1793 generatam
1562 1698 1604 1772 de
1614 1700 1760 1792 jurando
1781 1725 1928 1802 propter
2022 1687 2026 1694 ⁵

508 1821 660 1872 umorem.

563 1997 625 2074 46.
675 1995 719 2064 D.
735 1998 867 2084 Arguta.
887 2011 918 2075 3.
944 1985 1010 2058 Vel
1031 1988 1080 2058 via
1096 1986 1242 2061 eximere
1259 1987 1409 2063 Clericoa
1432 1990 1841 2087 ajuttmentocalumnioe
1863 2017 1927 2093 pet

464 2109 683 2182 tegumentum
703 2113 844 2182 agerere
860 2091 901 2157 ad
916 2086 1059 2178 speciem:
1083 2086 1134 2156 vel
1155 2110 1217 2180 per
1232 2109 1466 2178 argumentum
1481 2092 1606 2181 asperi:
1626 2097 1669 2162 ad
1677 2093 1827 2185 speciem?
1848 2119 1928 2166 ttett·

464 2207 537 2258 trum
555 2185 712 2258 lubfistir:
741 2211 833 2276 ergo.
882 2188 920 2254 C.
946 2187 1009 2254 Per
1031 2206 1234 2276 utrumque:
1258 2210 1333 2256 nam
1363 2188 1399 2280 t)
1416 2185 1495 2258 stcut
1512 2191 1705 2259 Marcianus
1722 2193 1756 2259 in
1773 2187 1857 2286 sape
1877 2191 1928 2262 di·

463 2279 534 2355 dal.
555 2309 611 2376 ²5·
628 2282 670 2354 fic
685 2285 813 2355 intulit:
843 2285 975 2352 Clericus
988 2304 1041 2373 ptr
1062 2293 1201 2350 canonem
1218 2287 1325 2374 jurare
1343 2289 1533 2377 ptalttbatar:
1557 2311 1626 2378 erga
1644 2311 1695 2356 net
1717 2289 1838 2357 cavebit
1858 2311 1926 2358 cata

427 2407 429 2434 t
459 2385 668 2476 jurajuranda:
694 2385 738 2452 ita
762 2377 874 2452 licebit
894 2379 977 2449 milti
1002 2375 1145 2450 inserte:
1174 2405 1242 2472 erga
1265 2406 1318 2451 net
1334 2387 1452 2473 iaralit
1470 2403 1591 2474 propter
1610 2388 1816 2454 calumniata:
1845 2386 1927 2479 quia

462 2491 654 2574 a'gtatattqae
668 2503 844 2551 :amaverat
853 2501 965 2570 genas,
989 2497 1164 2548 removetur
1179 2481 1214 2553 ἐξ
1227 2482 1360 2571 qualibet
1375 2485 1438 2572 ejas
1447 2479 1567 2574 [petits.
1615 2489 1698 2573 Arg.
1713 2481 1735 2552 l.
1754 2507 1809 2574 32·
1825 2485 1864 2554 C.
1881 2483 1925 2556 de

428 2609 431 2614 ·
461 2575 603 2650 transafl.
619 2583 727 2672 janda
750 2578 844 2669 Glaff.
863 2575 961 2671 supet
978 2575 1098 2647 verbo:
1123 2579 1279 2667 parentilla‘.
1304 2577 1325 2648 l.
1346 2604 1377 2670 3.
1398 2577 1511 2652 versu:
1537 2603 1603 2651 tam
1624 2585 1701 2650 enim
1722 2583 1761 2651 C.
1777 2579 1819 2652 de
1833 2576 1925 2655 usur.

458 2675 617 2773 ttijudic.
635 2676 657 2748 l.
680 2702 709 2747 t.
726 2679 755 2766 ς.
773 2705 803 2769 3.
820 2672 857 2747 ff.
874 2673 914 2744 de
931 2675 1066 2745 aleator.
1103 2677 1141 2758 2)
1157 2677 1248 2744 Sicut
1262 2674 1411 2746 Clericus
1431 2703 1497 2748 nott
1518 2677 1624 2768 jurat,
1648 2677 1729 2748 dum
1743 2702 1854 2749 cavete
1870 2701 1925 2749 cn·

457 2778 555 2867 gitur3
578 2777 625 2847 ita
640 2798 766 2869 neque,
793 2774 872 2843 dum
888 2777 1013 2863 litigat:
1039 2774 1162 2841 namin
1182 2771 1382 2862 jurenollro
1403 2800 1636 2865 argumentum
1660 2800 1678 2845 a
1700 2778 1772 2869 pati
1790 2778 1923 2849 notorie

456 2870 612 2947 :dunum
634 2872 675 2943 de
691 2868 873 2943 fortillintia
893 2893 1034 2965 propter
1051 2876 1074 2939 l.
1097 2874 1200 2945 tn&
1222 2887 1275 2956 t'3.
1293 2868 1329 2941 ff.
1351 2871 1392 2941 de
1411 2874 1502 2954 LL.;
1529 2875 1625 2968 quia,
1651 2870 1707 2943 ubi
1727 2871 1774 2945 est
1794 2874 1923 2957 eadem,

457 2970 499 3045 tel
511 2970 624 3065 major
641 2973 747 3060 ratio,
775 2968 820 3040 ibi
840 2967 938 3039 debet
953 2964 1015 3038 else
1032 2968 1118 3038 idem
1134 2966 1206 3059 jus,
1233 2968 1395 3039 dteadem
1408 2968 1494 3063 juria
1510 2968 1691 3065 dispositio.
1713 2975 1736 3040 l.
1754 2996 1809 3059 3²·
1831 2972 1925 3061 ffiad

455 3074 520 3165 lag.
543 3074 657 3162 Aquil.
680 3075 701 3140 l.
729 3066 860 3155 2⁰8·ff·
883 3072 983 3155 day.
1006 3072 1045 3137 0.
1099 3070 1182 3135 Non
1207 3088 1335 3136 tantum
1358 3074 1478 3149 eadam,
1504 3065 1557 3140 sed
1574 3071 1670 3159 maiar
1691 3070 1777 3138 ratio
1793 3066 1857 3149 est,
1881 3092 1925 3141 ne

453 3167 597 3241 Clericus
618 3166 706 3260 juret
729 3188 871 3261 propter
891 3170 1087 3245 calumniam,
1111 3187 1230 3257 quum,
1256 3188 1297 3233 ne
1319 3164 1410 3258 juret
1431 3190 1574 3263 propter
1591 3167 1809 3256 securitatem:
1832 3169 1924 3261 quia,

453 3288 520 3338 cam
540 3288 659 3337 contra
676 3264 900 3335 cavillationes
918 3260 974 3331 sthi
998 3264 1073 3357 quis
1093 3260 1284 3356 prospicere
1305 3262 1431 3345 valeat,
1457 3268 1567 3336 minus
1591 3267 1624 3334 in
1642 3260 1811 3335 omilstone
1834 3264 1922 3358 jura·

454 3366 545 3435 menti
567 3364 741 3433 calumnie
766 3361 995 3456 prejudicium
1014 3356 1077 3441 ell3
1106 3356 1158 3429 sed
1183 3382 1296 3429 contra
1320 3363 1559 3449 ialaffitientiam
1581 3368 1725 3433 cautionis
1745 3386 1845 3434 nemo
1863 3359 1924 3433 stbi

450 3460 548 3559 patell
564 3459 769 3561 prospicere.
820 3464 862 3532 D.
876 3464 963 3529 Bene
980 3462 1110 3549 arguit:
1136 3454 1189 3527 sed
1206 3453 1371 3529 sumamus
1392 3482 1573 3555 utrumque
1588 3456 1776 3555 separatim.

562 3680 622 3749 47.
675 3663 790 3728 cantra
811 3676 908 3724 traam
923 3652 965 3734 ali
989 3680 1017 3726 t.
1042 3649 1131 3721 Illud
1147 3653 1359 3743 gemeticum:
1385 3656 1479 3722 nolite
1492 3653 1619 3741 intare:
1645 3655 1759 3722 Canon
1776 3650 1873 3734 dicit,
1888 3671 1925 3725 at

452 3759 556 3829 uniti
569 3758 687 3825 amnica
698 3760 806 3845 jurate
820 3777 876 3821 aaa
892 3756 1047 3821 audeant:
1072 3750 1199 3841 Regula
1216 3752 1248 3818 S.
1265 3746 1434 3821 Benedilli
1452 3759 1484 3820 in
1506 3754 1604 3822 andiu.
1620 3749 1792 3835 conversat.
1806 3774 1870 3843 cap.
1890 3776 1925 3832 5.
2074 3790 2083 3799 -

451 3850 575 3926 latuit:
596 3856 806 3945 juramentum
820 3855 907 3919 alind
924 3854 1021 3918 nalltts
1035 3850 1188 3941 prostrat,
1217 3850 1294 3925 nil:
1318 3853 1403 3918 trade
1418 3852 1509 3921 mihi:
1532 3846 1618 3929 huc,
1642 3849 1795 3941 inquam,
1822 3851 1855 3919 in
1870 3872 1924 3920 va·

450 3976 524 4023 nom
544 3946 775 4045 oppfflterunt
791 3972 860 4018 tum
879 3948 1152 4038 Attii-Episcopi,
1178 3969 1248 4014 tum
1271 3948 1447 4038 Caffinenlas
1462 3946 1636 4027 monachi,
1659 3944 1788 4018 summo
1810 3946 1925 4017 Ponti·

448 4046 514 4135 filla
542 4048 772 4145 immensum
795 4047 998 4122 devotionis,
1026 4045 1057 4111 dt
1080 4046 1215 4112 unitatis
1235 4042 1454 4137 pretendenti
1477 4043 1517 4114 ab
1537 4042 1632 4139 ipsts3
1659 4070 1735 4114 nam
1753 4043 1923 4113 nihilomi-

447 4172 504 4221 aua
528 4142 694 4242 compulsi
718 4139 853 4213 fuerunt
870 4142 985 4235 jurare
1004 4140 1244 4220 obedientiam,
1274 4140 1418 4231 Paschala
1440 4147 1487 4212 11.
1516 4137 1707 4213 confutante
1727 4137 1922 4233 Episcopoc,

446 4270 505 4343 cap.
522 4276 559 4323 4.
572 4250 611 4316 da
628 4248 736 4324 alell..
761 4240 896 4335 &apud
917 4237 1084 4308 Harduin.
1107 4244 1190 4311 Tam.
1214 4246 1271 4313 Vl.
1288 4244 1399 4309 Cantil.
1414 4260 1495 4332 part.
1512 4246 1560 4311 11.
1576 4263 1652 4336 pag.
1674 4247 1794 4327 1768..
1823 4240 1923 4307 lutto·

445 4346 552 4417 tentio
570 4346 634 4413 llI.
658 4366 740 4413 vero
757 4336 910 4409 frivolam
927 4334 1167 4411 excusationem
1191 4338 1397 4429 caffittanstttm
1410 4337 1581 4432 rejiciente
1595 4339 1628 4405 in
1647 4333 1785 4431 epistola
1808 4334 1848 4403 ad
1862 4358 1922 4405 eoa

447 4438 552 4525 missa,
578 4466 653 4536 que
667 4462 754 4511 extat
768 4440 799 4507 in
815 4461 876 4530 cap.
892 4448 948 4507 26.
964 4438 1000 4505 de
1012 4440 1164 4525 jureium,
1189 4432 1269 4505 ficut
1292 4432 1472 4529 respondet
1488 4434 1528 4503 ad
1556 4437 1664 4507 claron.
1686 4434 1790 4527 Gaffitt.
1815 4435 1867 4505 lib.
1886 4460 1921 4507 a.

446 4564 502 4635 rap.
525 4566 605 4625 109·
636 4542 667 4611 G
681 4560 702 4606 ο
716 4554 891 4607 n'zaLEz
905 4539 947 4604 ad
961 4537 1105 4604 decretal.
1127 4538 1212 4605 Yam.
1228 4540 1253 4604 1.
1267 4556 1333 4625 pag.
1351 4561 1393 4603 ιι
1401 4560 1430 4619 3.
1446 4556 1526 4603 nam.
1539 4558 1594 4614 29·
1612 4536 1644 4599 itt
1658 4530 1711 4617 fin.
1759 4533 1851 4621 Ergo
1866 4555 1923 4601 ne·

445 4660 507 4739 que
534 4636 665 4737 juvabit
688 4635 867 4721 Clericus,
908 4628 1012 4725 adise
1035 4628 1294 4803 subtrahendnpn
1314 4631 1511 4723 :juramento
1537 4627 1723 4707 calumnie.
1786 4634 1824 4699 C.
1863 4630 1922 4797 Αἵ

1304 4754 1323 4799 2
1784 4744 1920 4800 antece.
