4784 5550
693 1291 970 1384 LUDOVlCl
999 1291 1223 1377 PHllll’l’l
1252 1291 1459 1408 REHLEN
1483 1295 1515 1398 J.
1547 1293 1601 1378 V.
1633 1295 1686 1378 D.

480 1467 648 1541 Eminent.
668 1485 705 1534 ac
721 1455 842 1530 Celstll.
862 1460 1022 1553 Arcbiep.
1043 1479 1076 1528 et
1093 1456 1257 1546 Principis
1274 1451 1379 1532 Eleu,
1399 1459 1557 1545 Mogont.
1575 1454 1763 1528 consiliarii
1779 1457 1890 1532 Ecclet.
1939 1451 1945 1515 ἶ

659 1573 715 1641 SS.
736 1573 902 1637 Canouum
922 1573 953 1634 io
975 1571 1143 1632 Academia
1164 1567 1343 1648 lloguntin.
1367 1569 1526 1648 quondam
1544 1567 1731 1634 Prorefforn

905 1675 1507 1798 otsststt‘sa‘tto¹

572 1888 1285 2126 DEFRAUDATiontlilts
1351 2006 1800 2126 DECIMARUM.
1941 2011 1946 2102 ζ

1138 2442 1167 2530 §.
1202 2439 1228 2511 l.

456 2544 645 2779 Hujus
667 2608 731 2677 loci
753 2629 818 2675 noo
843 2603 908 2690 eli,
942 2599 1087 2700 ipsarum
1111 2604 1327 2674 Decimarum
1353 2604 1520 2694 origines,
1560 2607 1752 2702 qualitates,
1794 2611 1909 2707 &jun

595 2729 799 2804 quacunque
814 2698 914 2775 fulius
931 2725 1101 2784 excutere,
1125 2697 1346 2798 praestiterunt
1362 2704 1394 2769 id
1417 2701 1489 2770 lutis
1509 2708 1582 2774 Viti
1600 2705 1805 2779 diversarum
1825 2717 1923 2783 tutio·-

458 2836 556 2894 nutn,
583 2811 652 2877 itno
670 2805 701 2875 dt
716 2830 782 2872 non
797 2804 894 2873 unius
909 2802 1091 2892 Religionis
1107 2794 1334 2880 eruditiffimt,
1359 2806 1415 2893 qui
1432 2802 1665 2872 Ecclesiasticus
1686 2806 1716 2873 cl
1736 2812 1845 2881 civiles
1862 2815 1910 2880 ltu·

458 2914 510 3006 jus
538 2908 586 2979 rei
610 2908 820 2995 antiquitates
844 2924 862 2971 e
883 2900 1060 2971 ruderibus
1086 2901 1278 2968 excitarunt.
1331 2902 1422 2966 lnter
1448 2900 1637 2971 Catholicos
1666 2908 1911 2979 Trionisst·

461 3028 559 3079 nuni
582 3002 613 3072 u
640 3005 902 3086 Esaartrurn,
934 3001 1019 3067 inter
1043 2993 1260 3065 Protellantcs
1284 2998 1560 3080 sarnanum,
1594 3002 1910 3086 sustineren,
1943 2960 1947 3073 l

460 3098 1198 3177 Ho‘r·riuoaruni,B11uortanrunt‚
1226 3096 1572 3165 Hunitttnuuuu
1597 3100 1842 3172 Putonanx
1869 3106 1909 3171 hic

459 3196 582 3271 notalle
610 3190 755 3264 lufficiat.
807 3186 891 3259 Satis
915 3191 962 3260 illi
989 3192 1214 3269 deduxerunt,
1254 3186 1511 3283 antiquiffimum
1536 3197 1752 3266 Decimarum
1780 3201 1908 3269 reditun

399 3344 405 3359 ·
459 3303 545 3370 inter
561 3294 713 3364 homines
731 3286 884 3369 ertitill'e,
906 3292 1128 3382 Deciumque
1146 3287 1186 3356 ab
1203 3288 1332 3375 origine
1347 3285 1401 3355 sua
1425 3289 1474 3358 rel
1496 3288 1625 3361 laicales
1644 3289 1757 3375 suill'e,
1790 3298 1838 3366 rel
1857 3303 1907 3366 Ec.

457 3390 665 3469 clefiallicas,
696 3412 732 3456 ac
757 3385 937 3454 hodiedum
958 3411 1025 3453 uno
1050 3387 1100 3454 vel
1125 3386 1229 3453 altero
1253 3385 1349 3454 ritulo
1373 3389 1527 3455 Decimas
1551 3389 1657 3461 adhuc
1681 3397 1830 3487 percipi,
1858 3400 1908 3476 ita,

456 3516 492 3562 ut
511 3495 543 3560 in
563 3484 638 3582 ipsis
657 3482 825 3589 caularum
845 3481 961 3572 liguris
987 3479 1121 3552 dillicile
1142 3482 1342 3574 quandoque
1367 3481 1422 3563 stt,
1450 3482 1652 3568 discernere,
1681 3515 1761 3560 num
1786 3493 1907 3571 laicalis,

456 3613 536 3657 num
555 3609 635 3655 vero
651 3579 876 3651 Ecclesiastico
891 3577 949 3648 lint
968 3585 1106 3669 originis
1127 3581 1174 3647 bac
1193 3578 1243 3646 vel
1262 3580 1324 3646 tllae
1344 3583 1511 3662 Deciniae3
1539 3586 1619 3673 quin
1638 3587 1691 3655 vel
1707 3592 1739 3655 in
1760 3586 1825 3681 ipsa
1841 3586 1908 3659 thel

456 3710 521 3754 nun
539 3706 601 3751 una
619 3683 826 3769 Scriptorum
846 3701 938 3745 mens
953 3675 1014 3756 est,
1044 3677 1132 3769 quod
1149 3673 1223 3743 sutis
1241 3700 1378 3768 apparet
1396 3702 1432 3745 ex
1450 3678 1628 3754 Guoitc.
1650 3694 1757 3756 Auo.
1784 3691 1908 3755 Burri·

456 3802 484 3852 ni
498 3798 570 3847 ulii
594 3777 720 3863 Differr.
738 3780 773 3840 de
791 3782 875 3864 Ortg.
898 3778 932 3847 ld
951 3783 1020 3842 fat.
1042 3784 1156 3843 Derim.
1180 3779 1209 3839 in
1238 3782 1362 3851 (icon,
1389 3778 1445 3863 qui
1465 3779 1615 3869 Scriptor
1640 3803 1729 3851 totus
1750 3787 1783 3853 in
1801 3809 1840 3857 eo
1855 3781 1907 3863 ess,

452 3900 489 3949 ut
506 3874 677 3971 plerisque
695 3874 727 3938 in
746 3872 926 3940 Germania
940 3875 1088 3943 Decimis
1104 3872 1270 3960 originem
1288 3894 1380 3943 mere
1398 3872 1546 3944 laicalem
1564 3874 1735 3953 adscribat.
1840 3930 1846 3941 ,

1122 4073 1154 4177 t.
1204 4078 1264 4149 11.

564 4253 642 4318 Nec
660 4241 768 4340 hujus,
785 4242 848 4314 loci
869 4245 932 4327 eli,
958 4249 1173 4319 Decimarum
1199 4248 1373 4321 divifinnes
1394 4252 1525 4343 longius
1543 4275 1699 4323 enarrare
1720 4256 1754 4325 io
1777 4255 1901 4351 pradia·

450 4338 516 4430 les,
547 4344 751 4437 perlnnales,
779 4348 915 4427 mittas,
942 4348 1101 4434 majores,
1132 4349 1296 4425 minores,
1322 4351 1473 4429 novales,
1497 4375 1619 4442 easque
1635 4351 1686 4418 vel
1709 4357 1844 4449 proprii
1862 4348 1900 4421 tel

451 4443 637 4533 improprie
655 4440 753 4518 tales,
781 4442 1013 4510 multominus
1034 4442 1207 4515 divifioocs
1225 4444 1263 4514 ab
1286 4445 1360 4532 iplis
1381 4444 1549 4515 frulluunt
1574 4444 1744 4539 speciebus
1767 4449 1900 4540 delump·

451 4562 497 4609 tas
517 4542 603 4617 vini,
630 4532 810 4622 frumenti,
836 4537 921 4621 ulei,
949 4536 1044 4620 steni,
1069 4544 1280 4627 animalium,
1301 4544 1331 4615 dt
1350 4571 1421 4640 quae
1439 4543 1510 4615 sunt
1528 4551 1702 4619 innumera
1719 4550 1795 4622 alia.
1842 4552 1898 4616 Nc·
