4784 5550
562 487 636 567 ,20
1011 421 1592 533 nissuaratto

563 643 623 720 cu'a
639 663 749 716 atatem
763 636 851 712 estin
870 636 987 732 legatia
1002 635 1142 720 suturis,
1160 635 1216 708 ubi
1237 637 1423 709 dominium
1441 632 1486 708 ell
1507 633 1647 706 heredia
1666 631 1718 707 vel
1739 631 1896 718 alteriue,
1917 632 2026 734 illoque

561 740 637 818 e'asu
658 765 724 812 non
742 736 856 809 transit
873 735 931 808 nis
947 760 1009 830 per
1023 737 1250 809 traditionem.
1299 740 1455 806 Tenetur
1481 757 1607 804 tantum
1634 735 1741 804 haerea
1764 733 1930 829 personali
1946 733 2027 807 adio·

561 863 605 912 ne
622 865 658 909 et
681 836 884 908 testamento.
932 837 975 904 Et
993 832 1072 905 sicut
1095 832 1282 904 dominium
1299 855 1413 904 terunt
1432 855 1517 926 pure
1540 835 1574 901 in
1602 833 1806 925 patrimonio
1829 831 1969 904 heredis
1987 857 2028 904 et·

561 936 730 1011 islentiuin
746 933 787 1001 ad
804 932 1000 1022 legatarium
1017 956 1083 1003 non
1102 929 1231 1011 transt,
1250 928 1290 1000 stc
1305 953 1414 1025 neque
1436 928 1571 999 tellator
1586 930 1658 999 illas
1684 932 1794 1022 potuit
1813 926 2028 1024 subjicerere·

512 1065 521 1082 ·
561 1031 727 1106 {litationi
742 1029 793 1101 vel
814 1031 966 1125 optioni,
985 1032 1065 1124 quin
1083 1030 1188 1099 haerer
1204 1028 1312 1100 valide
1332 1052 1387 1099 ear
1406 1029 1569 1107 altenare,
1589 1050 1645 1098 aut
1667 1051 1783 1097 earum
1806 1025 1988 1099 dominium
2000 1033 2027 1100 iu

561 1132 664 1202 alium
688 1123 871 1198 transferte
889 1150 1001 1219 quent.
1051 1127 1156 1197 Addit
1175 1123 1374 1197 Pontisetdt
1395 1127 1531 1194 alteram
1549 1133 1732 1206 rationem,
1755 1126 1847 1217 quod
1859 1127 1894 1195 in
1914 1129 2029 1197 extanti·

490 1299 496 1306 ,
560 1230 614 1299 las
631 1249 740 1298 certus
758 1247 920 1295 terminus
935 1224 974 1316 ad
993 1225 1176 1319 optandum
1190 1249 1210 1293 a
1226 1245 1379 1318 tempore
1393 1227 1511 1293 mortis
1527 1221 1686 1313 adsignari
1748 1219 1814 1302 sllt,
1838 1225 1949 1292 nonin
1961 1225 2028 1306 fater

560 1331 617 1396 ris.
667 1327 800 1414 Legatis
816 1320 958 1416 proinde
973 1321 1067 1396 hisce
1083 1316 1208 1395 futuri·
1224 1321 1396 1406 Mandati,
1419 1319 1463 1394 tle
1481 1343 1550 1422 quo
1568 1319 1677 1394 sermo
1707 1322 1773 1404 uit,
1792 1313 1944 1395 formam
1960 1317 2033 1401 inii

559 1421 628 1496 lcrn
644 1417 708 1494 else
724 1420 930 1522 pronuntiat.

1224 1585 1258 1686 t.
1295 1565 1416 1670 xv,
1549 1635 1560 1652 .

675 1755 741 1828 Sed
767 1782 886 1831 vereor
902 1754 1104 1838 admodum,
1129 1778 1170 1825 ne
1191 1753 1283 1826 illius
1305 1755 1407 1850 partis
1423 1751 1569 1850 Capituli
1593 1751 1733 1848 adlegatl
1750 1751 1791 1826 ad
1818 1754 1945 1852 primas
1965 1758 2035 1830 l’rc·¹

557 1879 614 1929 eet
638 1855 817 1952 adplicatio
834 1855 910 1951 plus
940 1853 1078 1949 probet,
1100 1877 1200 1948 quam
1223 1853 1442 1924 intendamus.
1498 1856 1704 1946 Sequeretur
1722 1857 1813 1924 enim
1831 1904 1840 1936 ,
1857 1856 1946 1947 satia
1963 1855 2035 1926 licet

558 1957 777 2042 infinalitate,
796 1951 818 2022 fi
836 1976 945 2024 tamen
959 1951 1101 2023 necdum
1121 1955 1285 2042 acceptarit
1302 1949 1450 2022 Preezsiae
1470 1948 1543 2045 poll
1564 1952 1768 2022 vacationem
1786 1953 2035 2023 Praebendetc·

558 2047 721 2132 cesserim
731 2075 824 2144 eque
839 2050 982 2120 validam
999 2044 1074 2120 fore
1089 2047 1302 2119 collationem
1316 2050 1507 2127 ordinatii,
1527 2072 1587 2119 nec
1605 2045 1768 2118 ullatenua
1783 2043 2036 2142 rettatiariposs

552 2145 605 2220 se.
653 2153 732 2218 Hoc
750 2171 859 2218 autem
878 2146 1026 2217 sustineri
1042 2169 1107 2216 non
1124 2143 1213 2238 polle
1230 2143 1295 2217 stne
1314 2149 1457 2216 maximo
1478 2151 1615 2242 Juriuttt
1640 2144 1869 2217 caesareorum
1886 2146 2035 2243 prejudi-

405 2277 408 2284 ’
554 2247 612 2317 cio
628 2270 663 2314 ar
684 2248 906 2327 detrimento,
931 2239 1029 2312 sacile'
1047 2243 1187 2336 quilibet
1206 2240 1401 2337 perspiciet,
1425 2244 1493 2338 ipsa
1511 2249 1610 2313 etiam
1626 2245 1819 2339 quotidiana
1836 2244 2034 2339 experientia

557 2342 818 2436 comprobante,
839 2343 906 2410 imo
923 2338 1070 2434 ipsismet
1090 2339 1281 2410 Ordinatiis
1302 2340 1335 2409 id
1355 2365 1565 2436 nequaquam
1591 2341 1941 2423 controvertentibus,
1962 2363 2033 2422 eum

552 2461 659 2508 nemo
675 2439 739 2507 hoc
755 2432 829 2506 casu
845 2459 921 2508 ante
943 2433 1089 2530 elapsum
1104 2435 1269 2516 mensem,
1290 2441 1348 2530 qui
1367 2439 1407 2507 ad
1430 2438 1667 2533 acceptandum
1686 2442 1718 2509 in
1738 2439 1944 2536 Diplomatir
1962 2442 2036 2510 Pre-

549 2545 635 2620 'eum
647 2531 861 2638 prefigitur,
887 2557 1008 2606 vacaria
1020 2529 1222 2605 Beneficium
1240 2531 1394 2607 conserte
1411 2560 1560 2633 anquam
1577 2536 1708 2610 audeat.

674 2671 831 2738 Attamen
849 2661 1008 2748 faciliter
1028 2663 1104 2764 ipsis
1118 2665 1218 2763 hujus
1235 2669 1381 2764 Capituli
1396 2669 1505 2745 verbis
1522 2668 1567 2743 esi
1582 2665 1772 2766 Responsio.
1824 2663 1920 2746 Nam
1938 2684 2035 2768 titttui¹

555 2782 631 2840 tum
647 2765 686 2833 ad
705 2763 851 2835 valorem
869 2764 1054 2837 collationis
1067 2769 1098 2839 in
1114 2768 1218 2837 babitu
1235 2769 1285 2839 vel
1302 2776 1333 2839 in
1346 2778 1414 2847 astu
1429 2768 1572 2864 primo&
1592 2769 1652 2864 ipsc
1668 2776 1750 2869 Jure
1767 2771 1904 2855 attinet3
1921 2769 2033 2841 lubens

493 2928 497 2934 .
556 2862 695 2932 eandem
715 2864 856 2937 validam
874 2865 1073 2955 pronuntio,
1093 2888 1167 2933 rum
1185 2865 1224 2933 ab
1243 2892 1282 2934 ro
1300 2869 1474 2960 procedat,
1495 2871 1551 2960 qui
1568 2863 1762 2938 conferendi
1782 2863 2034 2940 facultatemlta·

551 2957 622 3028 het.
674 2960 773 3053 Quod
794 2982 894 3028 autem
912 2967 1054 3047 institue
1069 2960 1125 3039 sir,
1147 2963 1209 3054 poll
1225 2966 1472 3047 iustitutionem,
1491 2966 1624 3036 vinc-ulo
1647 2965 1841 3059 quodam&
1863 2965 2034 3058 compede,

447 3096 450 3103 ·
553 3056 620 3129 hoc
639 3056 727 3139 illius
745 3059 938 3125 exercitium
958 3056 1021 3124 stre
1040 3055 1202 3127 atlualetn
1219 3063 1572 3133 collationemtantum
1592 3060 1743 3157 injustam
1761 3063 1891 3144 reddit,
1908 3066 1940 3135 dt
1959 3088 2036 3134 con·

552 3149 697 3223 secutive
713 3154 752 3222 ad
774 3151 957 3222 instantiam
981 3150 1128 3223 Precillae
1148 3156 1201 3249 jus
1221 3180 1259 3227 ex
1283 3161 1428 3229 Precilus
1449 3158 1514 3229 suis
1540 3157 1691 3229 habentia
1718 3158 1964 3232 retrallandam
1982 3157 2035 3230 tel

551 3252 758 3328 authoritate
774 3252 903 3347 Jttdicis
927 3249 1140 3334 irritandam
1169 3257 1261 3325 Sicut
1278 3255 1431 3328 eleelioa
1456 3257 1573 3350 majori
1604 3281 1700 3351 parte
1721 3258 1871 3351 Capituli
1890 3254 1976 3329 faeta
1991 3253 2032 3327 ad

551 3346 742 3421 instantiam
759 3354 855 3420 unius
873 3374 938 3419 non
956 3351 1058 3418 vocati
1081 3350 1168 3420 &de
1186 3375 1379 3441 contemptu
1396 3359 1521 3445 agentis
1540 3358 1741 3424 authoritate
1760 3358 1891 3450 judicie
1910 3357 1960 3427 vel
1976 3358 2033 3425 Su·

552 3446 697 3537 perioris
715 3470 889 3517 revocatur
905 3446 936 3516 dt
952 3442 1109 3531 cassatur;
1138 3453 1214 3516 Hoc
1230 3473 1339 3520 autem
1357 3477 1421 3521 non
1439 3476 1555 3545 agente
1582 3476 1638 3521 aut
1660 3452 1863 3524 reclamante
1887 3450 2029 3533 subsillit,

552 3542 614 3610 nee
634 3542 705 3634 ejus
722 3546 896 3613 iteratione
911 3567 998 3637 opus
1013 3542 1069 3617 cll.
1120 3547 1234 3616 Simile
1251 3550 1441 3642 exemplum
1463 3550 1545 3619 adeo
1562 3553 1595 3618 in
1609 3554 1694 3645 Jure
1709 3554 1925 3634 Patronatur,
1943 3545 2029 3646 quod

549 3635 661 3731 ¹ipsum
678 3643 739 3732 Jus
762 3664 938 3712 commune
957 3644 1179 3725 canonizavit,
1201 3644 1388 3718 exhibetur.
1440 3646 1687 3719 Collatioenim
1705 3645 1863 3719 Beneficii
1878 3651 2028 3745 Junl’at

551 3738 706 3805 t'ronatus
732 3733 943 3807 adfe'cliante
967 3741 1227 3811 nominationem
1253 3746 1383 3813 Patroni
1406 3744 1510 3817 libere
1533 3745 1720 3840 cuicunque
1747 3743 1901 3841 persone
1915 3745 1955 3818 ab
1967 3749 2026 3817 On·

550 3832 684 3903 dinatio
699 3828 785 3903 fatu
800 3836 903 3915 valet,
931 3842 1080 3929 quamvis
1106 3837 1222 3927 injusta
1244 3836 1279 3908 lit
1302 3839 1391 3910 diod
1417 3842 1603 3912 instantiam
1627 3845 1760 3913 Patroni
1797 3841 2025 3923 retraflaltilit·

550 3933 631 4001 Hoc
647 3933 735 4001 enim
751 3953 897 4013 tacente,
921 3957 975 4003 aut
991 3937 1134 4004 termino
1147 3938 1240 4031 Juvia
1257 3931 1375 4009 frullra
1393 3936 1504 4035 elapso
1527 3937 1742 4023 convalescit,
1765 3940 1818 4011 vel
1838 3937 1963 4013 reilana
1979 3944 2022 4010 iu·
2078 4020 2081 4029 ¹

548 4050 682 4118 regrum
699 4027 803 4098 robur
818 4030 911 4100 suum
928 4028 991 4099 line
1006 4032 1072 4099 ulla
1089 4036 1301 4103 reiteratione
1320 4040 1451 4110 retinet.
1485 4036 1528 4134 a)
1561 4039 1669 4111 Eccur
1682 4061 1750 4111 non
1763 4038 1856 4111 idem
1871 4041 1950 4145 Juri
1962 4038 2024 4111 tri-5

549 4131 837 4209 iterumiterum
863 4129 1183 4205 adcommodandum
1207 4132 1338 4209 veniet?

1878 4242 1914 4330 ς.
1939 4235 2025 4313 XVI.
2062 4252 2069 4363 p

587 4390 626 4468 a)
654 4382 818 4454 Subtiliter
839 4412 904 4454 non
927 4396 1030 4457 minus
1056 4413 1147 4473 quam
1174 4394 1271 4459 solide
1294 4395 1423 4480 desuper
1451 4398 1658 4462 ratiocinatur
1680 4398 1814 4465 Canon.
1838 4400 1976 4470 Momm
1998 4404 2028 4468 ln
2067 4400 2073 4469 l

660 4466 898 4541 commentam
919 4478 1031 4559 Regul.
1054 4478 1190 4544 Cancell.
1210 4481 1246 4543 de
1266 4481 1400 4563 infirmis
1422 4480 1586 4565 religioni.
1610 4502 1695 4553 num.
1715 4483 1768 4552 60.
1790 4482 1874 4557 Hera
1894 4487 1940 4552 est
1958 4505 2029 4632 aeg
