4784 5550
704 555 976 688 'navorts
997 607 1489 716 uurtouaJonrsus.
1593 653 1598 662 ι
1769 637 1842 724 397
1921 569 1924 574 ⁵

432 817 434 842 ι
456 805 487 852 e.
505 787 537 854 6.
555 781 599 849 Χ.
617 783 658 848 tle
675 780 752 847 eun.
775 801 803 845 e.
825 799 855 864 9.
879 781 943 845 toti.
966 782 998 845 ia
1019 780 1050 847 ⁶.

450 925 481 970 c.
492 923 542 984 4}
556 905 596 966 do
608 899 729 964 eleis'in
744 907 773 968 6.
794 921 1064 965 aristeusrvaa
1077 924 1104 967 c.
1120 900 1142 964 l.
1163 919 1282 984 a.15o.
1300 921 1410 968 vrrva
1433 921 1592 973 orcum
1604 907 1638 974 ia
1650 909 1713 979 iter.
1731 929 1839 984 moon.

470 987 525 1050 lib.
547 1005 573 1050 r.
591 989 640 1050 tit.
656 987 688 1049 ό.
706 1004 736 1049 a.
755 997 805 1069 78.
819 984 852 1050 ὅ(
866 1003 978 1048 omnes
995 984 1181 1050 Canonistte
1196 987 1235 1049 ed
1248 989 1297 1050 tit
1317 987 1361 1054 X.
1376 989 1417 1054 de
1432 988 1510 1056 Μ.

432 1115 434 1144 ι
460 1109 491 1155 c.
510 1107 562 1172 40.
582 1087 625 1154 X.
640 1088 680 1151 de
693 1086 771 1151 tltfl.
872 1147 874 1154 .

1046 1203 1077 1295 §.
1128 1203 1171 1278 X.

610 1371 930 1456 Excurrluusss,
956 1370 1027 1439 VBI
1048 1371 1218 1438 llllNORA
1241 1367 1363 1438 Vota
1391 1369 1605 1454 vlrtcvttr.
1676 1439 1679 1444 .

473 1497 671 1585 Regulariter
687 1499 790 1590 partis
809 1496 944 1591 capituli
969 1501 1089 1565 etaloris
1112 1489 1306 1564 sententiam
1331 1495 1527 1589 praeualere
1549 1499 1704 1570 diximus.
1725 1497 1775 1593 (5.
1794 1497 1852 1597 8.)

439 1589 619 1684 aliquando
637 1601 733 1662 minor
757 1620 833 1688 pars
860 1599 973 1664 vincit.
1014 1599 1140 1668 Vnicum
1157 1615 1220 1681 ego
1242 1613 1369 1660 tantum
1389 1593 1530 1668 admitto
1551 1597 1680 1679 casum,
1707 1623 1847 1692 nempe:

431 1693 530 1784 gibilrs
554 1716 629 1761 cum
646 1695 811 1783 pollultltli
828 1696 1021 1778 concurrit,
1048 1691 1178 1763 &huic
1196 1711 1270 1758 vote
1293 1696 1380 1780 duplo
1407 1700 1522 1765 maim
1547 1722 1611 1765 non
1638 1692 1769 1777 fauent,
1793 1698 1849 1769 ille

431 1783 1115 1862 1vltnvnamtertiamvorurum'totiue
1142 1789 1280 1880 capituli
1308 1785 1489 1884 praesentis
1518 1792 1629 1866 habet.
1662 1793 1701 1888 r)
1738 1799 1849 1892 Qtam

431 1889 497 1957 iem
516 1883 605 1957 insta
627 1887 760 1960 vberius
789 1888 1016 1962 rratlabimus.
1065 1885 1165 1960 Casus
1183 1887 1265 1955 elios
1286 1903 1461 1984 exceptos,
1489 1917 1575 1987 quos
1598 1893 1715 1985 Clariff.
1747 1913 1851 1963 uut-

431 2005 502 2056 tus
532 1991 565 2074 α)
592 1986 750 2068 adduxit,
784 2013 848 2079 ego
872 2015 936 2056 non
960 1984 1113 2080 agnosco.
1165 1989 1249 2055 Sunt
1274 1987 1335 2056 lti:
1364 1984 1401 2079 a)
1425 1990 1458 2055 Si
1487 2014 1564 2083 pars
1590 1997 1687 2062 maior
1709 1988 1849 2063 scienter

431 2087 496 2154 erit
521 2109 577 2155 sut
603 2082 820 2177 postulauerit
844 2091 1019 2178 indignum
1043 2089 1082 2178 3)
1100 2085 1134 2175 b)
1150 2085 1182 2154 Si
1201 2107 1277 2178 pars
1298 2092 1393 2152 maior
1412 2086 1515 2158 talem
1534 2092 1686 2180 elegerit,
1711 2093 1770 2185 qui
1790 2089 1849 2160 de·
1939 2145 1944 2154 .
1999 2071 2003 2078 ¹

431 2176 472 2253 set
497 2183 669 2274 pullularit
696 2189 740 2274 4)
782 2183 818 2273 e)
842 2183 863 2254 st
885 2209 961 2280 pars
983 2190 1078 2254 maior
1095 2184 1242 2278 pullulata
1273 2177 1409 2253 dedisset
1434 2185 1751 2257 administrationem
1772 2210 1849 2260 ante

431 2281 586 2351 ulatiouis
611 2277 847 2361 admiffionem.
880 2283 914 2373 5)
953 2287 1037 2353 Non
1065 2282 1203 2377 quidem
1224 2273 1388 2362 diffiteor,
1417 2282 1512 2374 ¹quod
1540 2285 1602 2356 liae
1631 2287 1844 2378 exceptiones
1941 2333 1944 2338 -

430 2402 502 2450 orte
522 2381 672 2453 arridere
690 2406 831 2475 queant,
851 2383 908 2476 qui
926 2378 1014 2488 quast
1034 2405 1095 2477 per
1114 2375 1269 2450 nebulam
1287 2401 1358 2448 rem
1383 2377 1580 2474 adspiciunt.
1631 2382 1714 2455 Arsi
1742 2386 1850 2455 inten-

430 2476 518 2546 culis
542 2484 598 2547 has
619 2485 829 2574 exceptiones
849 2486 1047 2558 intuemur,
1073 2499 1174 2569 atque
1197 2476 1240 2546 de
1257 2478 1298 2546 iis
1317 2471 1481 2556 subtiliter
1505 2477 1538 2552 ἃ
1563 2478 1736 2578 explorate
1760 2480 1849 2553 iudi·

430 2572 696 2655 us,insumum
726 2577 857 2654 abeunt.
908 2582 1084 2647 Nimirum
1113 2580 1146 2646 iu
1170 2573 1276 2646 tribus
1301 2574 1393 2655 illis,
1428 2597 1691 2650 authberto
1723 2579 1848 2662 relatis,
1940 2651 1954 2668 κ

430 2696 478 2742 tus
498 2697 574 2766 pars
591 2677 728 2768 capituli
758 2701 862 2746 nocens
885 2679 957 2746 inte
980 2673 1127 2766 suffragii
1156 2697 1219 2767 pra
1245 2677 1299 2741 bac
1316 2698 1386 2742 otte
1413 2678 1585 2768 priuatur,
1608 2679 1681 2749 iure
1701 2679 1847 2771 eligendi

430 2796 456 2841 ts
473 2773 548 2853 solos
572 2780 742 2844 innocentes
764 2769 967 2854 remanente.
1018 2777 1107 2863 Ergo
1123 2776 1154 2839 in
1174 2771 1401 2864 computando
1417 2771 1500 2843 iuslo
1523 2799 1679 2846 votorum
1704 2802 1847 2848 numero

446 2866 691 2961 respiciendum
708 2873 747 2941 ad
776 2897 906 2966 partem
924 2870 1059 2964 capituli
1079 2890 1251 2955 nocentem,
1273 2865 1327 2937 sed
1345 2891 1383 2937 ex
1410 2893 1552 2940 numero
1572 2878 1773 2943 innocentium
1791 2899 1846 2944 ca·

430 2966 548 3037 larium
572 2967 798 3041 definiendum
814 2967 882 3050 eli,
902 2992 1013 3039 rtrum
1034 2966 1137 3038 adsint
1153 2970 1267 3036 maim
1284 2961 1436 3058 respeclu
1455 2970 1593 3061 capituli
1612 2970 1846 3065 praeseutist'n·
1955 3054 1958 3059 ι

430 3072 506 3144 rtis,
527 3071 654 3161 quippe
672 3069 762 3161 quod
781 3067 886 3139 solum
905 3071 977 3137 iure
997 3064 1141 3158 eligendi
1160 3088 1247 3133 nunc
1264 3064 1395 3155 gaudet.
1422 3071 1470 3154 (§.
1491 3066 1555 3156 8.).
1589 3071 1703 3138 Vincit
1720 3072 1845 3164 itaque,
1955 3090 1958 3095 ·

430 3186 548 3233 taurea
563 3188 653 3247 erat,
678 3191 775 3235 nrtnor
792 3164 929 3259 capituli
949 3190 1052 3261 pars,
1075 3188 1139 3233 non
1160 3187 1225 3258 qua
1246 3170 1359 3243 minor,
1386 3159 1439 3233 sed
1457 3188 1521 3259 qua
1539 3190 1616 3259 pars
1633 3191 1719 3237 nunc
1736 3193 1843 3248 mator,

448 3264 586 3353 euenire
611 3262 738 3358 potesl,
770 3289 801 3334 vt
823 3289 909 3335 nunc
934 3270 1056 3333 arianis
1082 3266 1185 3356 partis
1209 3283 1286 3332 uota
1306 3260 1505 3332 constituant
1531 3269 1705 3334 e*intranimse
1723 3289 1752 3341 e.
1766 3290 1797 3356 g.
1821 3260 1844 3336 si
1991 3320 1998 3343 ,

436 3361 635 3453 capitulares
655 3360 793 3432 scienter
811 3362 984 3451 elegerunt
1000 3364 1178 3451 indignum,
1198 3359 1230 3429 u
1252 3373 1284 3438 8.
1301 3363 1434 3451 signum.
1498 3365 1536 3430 lu
1557 3364 1619 3431 hoc
1644 3359 1720 3432 casu
1741 3368 1790 3432 ius
1810 3362 1843 3435 tir

436 3454 496 3527 lire
514 3461 652 3553 capituli
672 3483 821 3530 remanet
842 3481 942 3551 penes
972 3473 1003 3535 8.
1017 3457 1219 3551 capitulares
1234 3462 1420 3537 innocentes,
1445 3456 1477 3528 ἃ
1495 3456 1535 3527 ab
1554 3460 1604 3527 bie
1620 3458 1745 3531 eletlas
1763 3486 1844 3530 vna·

430 3559 479 3625 lus
502 3558 638 3650 capituli
658 3561 759 3628 totius
778 3553 943 3647 suffragiis
961 3554 1145 3647 designatus
1164 3553 1308 3628 videtur.
1361 3558 1402 3624 Et
1421 3578 1458 3623 et
1477 3556 1528 3627 his
1549 3562 1723 3653 principiis
1741 3562 1843 3630 maio·

429 3658 580 3724 nomenti
604 3654 829 3749 quaelliones,
852 3678 933 3750 qaas
952 3672 1199 3725 neuturus
1225 3654 1271 3741 6)
1298 3649 1455 3725 indecisas
1477 3654 1653 3749 relinquit,
1675 3652 1771 3728 facile
1788 3657 1842 3729 de·

431 3774 520 3823 ntur.
571 3756 603 3822 Si
624 3759 713 3823 enim
729 3780 785 3822 nan
805 3779 903 3823 omnes
929 3756 1032 3847 partis
1053 3752 1189 3822 maioris
1208 3755 1340 3820 nocentis
1362 3753 1562 3843 capitulares
1585 3752 1745 3825 ‹lelt'clum
1763 3780 1838 3850 par·

431 3872 504 3931 ant,
526 3848 618 3920 tutli
640 3852 761 3944 reliqui
785 3872 953 3921 innocentes
975 3848 1173 3941 capitulares
1191 3873 1265 3919 vota
1281 3847 1337 3917 sua
1355 3852 1387 3916 iu
1403 3854 1502 3939 plnres
1521 3848 1749 3945 disperserunt
1763 3878 1841 3947 per·

429 3972 461 4029 t,
487 3971 565 4018 tunc
583 3944 713 4042 semper
729 3949 768 4018 td
787 3948 819 4018 id
841 3948 1084 4043 respiciendum
1102 3944 1169 4025 esl,
1192 3967 1304 4015 utrum
1328 3969 1390 4039 pro
1416 3970 1558 4019 numero
1580 3954 1732 4021 omnium
1754 3956 1840 4020 inno·

430 4070 480 4116 um
495 4048 730 4136 capitularium
750 4044 905 4138 suffragia
920 4052 1033 4115 »naim
1049 4047 1082 4114 in
1100 4069 1199 4115 vnum
1219 4040 1393 4139 personam
1420 4042 1627 4140 conspirent,
1649 4074 1688 4117 an
1704 4097 1712 4129 ,
1730 4051 1763 4117 iu
1789 4072 1840 4119 ca·

429 4168 469 4214 uo
481 4145 664 4238 postulalilts
687 4169 762 4214 curn
784 4150 906 4237 eligibilt
924 4147 1112 4223 concurrit,
1131 4141 1178 4211 illi
1198 4138 1331 4212 faueant
1348 4148 1434 4235 duplo
1452 4152 1586 4225 maiora,
1604 4148 1654 4215 vel
1679 4147 1732 4216 hic
1747 4150 1839 4216 ‘ultra

429 4246 575 4313 trertiaem
593 4244 738 4314 habeat?
764 4244 863 4338 Qrod
883 4241 903 4312 st
921 4248 1208 4313 ltnrumneotrurn
1224 4238 1289 4322 ell,
1310 4241 1401 4310 nulla
1417 4266 1493 4339 pars
1511 4246 1630 4322 vincit,
1653 4240 1708 4312 sed
1725 4269 1837 4315 nonunt

429 4346 521 4409 inient
537 4365 555 4409 a
574 4340 722 4433 capitulo
737 4348 891 4412 innocente
908 4338 1032 4411 inllitui
1048 4340 1157 4416 debet,
1175 4363 1202 4411 e.
1217 4362 1250 4429 g.
1300 4342 1346 4408 Ex
1369 4366 1423 4419 12.
1449 4339 1685 4433 capitularibus
1705 4370 1746 4412 to
1774 4367 1836 4436 po·

435 4460 553 4510 uerunt
564 4445 718 4531 indignum
730 4493 738 4515 ,
750 4440 780 4508 lic
792 4465 829 4507 ex
842 4440 892 4508 bts
911 4447 941 4507 6.
952 4436 1101 4517 scienter,
1112 4461 1143 4523 4.
1155 4438 1359 4531 ignoranter,
1370 4437 1607 4531 reliquiautem
1620 4464 1650 4508 2.
1661 4440 1836 4531 elegerunt

429 4560 476 4605 tm.
533 4535 636 4607 Asius
657 4539 752 4630 plane
770 4538 895 4607 inutilis
912 4535 969 4614 cll.
1021 4536 1144 4605 Similis
1161 4534 1207 4604 ell
1228 4538 1280 4606 luc
1300 4532 1418 4606 casus:
1449 4538 1493 4603 lix
1520 4562 1572 4603 12.
1590 4538 1835 4630 capitularibus

429 4628 647 4711 ustulauerunt
661 4642 836 4732 indignum,
859 4634 947 4709 &ex
971 4632 1023 4707 his
1048 4658 1097 4803 41.)
1107 4628 1265 4828 sdcipnrpr,
1285 4659 1316 4727 3.
1338 4635 1556 4727 ignoranter,
1578 4657 1616 4708 ex
1634 4638 1835 4810 reliquiselp¹
