4784 5550
431 641 522 718 270
638 635 641 640 ¹
698 551 1014 694 lnsrttucrto
1041 603 1669 739 canonren-nrouarntua

442 829 446 838 ·
562 815 614 862 aaa
632 799 695 884 post
720 799 939 882 Fonrr'fitalmr,
964 797 1116 881 Dignitar
1132 797 1172 880 fit
1191 794 1421 880 detestantur,
1449 817 1553 862 necnec
1576 797 1726 864 ‘laxatur
1746 809 1853 864 autern
1870 819 1920 864 nn·

564 903 667 945 merua
688 881 882 946 florenorum
901 882 1003 956 idem,
1030 883 1083 963 qui
1101 891 1232 961 tempore
1247 882 1439 943 corrditnrom
1456 887 1654 964 regulorum,
1684 885 1762 949 licet
1787 881 1919 947 floretina

563 967 619 1029 ille
642 966 728 1046 plus,
760 967 906 1026 minusve
929 965 1050 1026 valeret
1075 979 1240 1046 tempore,
1274 981 1339 1043 quo
1359 979 1451 1028 rarat
1471 965 1660 1032 beneficium
1676 987 1686 1038 ;
1705 967 1788 1046 ,quia
1811 965 1855 1028 ert
1871 985 1919 1029 aa·

563 1069 632 1110 rum
654 1053 686 1108 in
701 1065 797 1116 atrro,
824 1057 859 1108 ut
876 1047 953 1112 olitn
974 1049 1202 1128 loquebantur,
1236 1045 1302 1108 lire
1323 1066 1433 1108 aurum
1452 1047 1582 1128 speciei,
1615 1051 1833 1132 proindeque,
1860 1069 1917 1110 rna·

561 1145 656 1193 nante
675 1132 782 1191 eadem
799 1129 915 1208 specie,
948 1131 1123 1212 eodemque
1140 1147 1274 1189 numero
1295 1127 1456 1206 ejusdem,
1479 1131 1582 1210 potest
1601 1131 1791 1208 aestimatio,
1814 1131 1863 1194 seu
1877 1151 1916 1194 te·

560 1213 730 1358 dutliopad
748 1226 917 1356 ptgenturn
939 1213 1093 1286 crescere,
1127 1233 1163 1276 ac
1186 1209 1381 1286 decrescere,
1417 1213 1552 1279 uribid.
1580 1232 1666 1280 num.
1691 1223 1723 1288 8.
1744 1212 1830 1302 &p
1856 1211 1914 1278 iuli·

560 1309 638 1360 nuit
689 1317 745 1375 prr
769 1313 814 1359 ut.

563 1495 606 1561 V.
634 1497 821 1560 Auruos
847 1487 923 1561 illos
952 1495 1028 1563 DD.
1051 1485 1150 1559 nollri
1181 1514 1256 1560 cnm
1283 1494 1483 1561 cavarrneia
1514 1489 1739 1560 communiter
1764 1488 1915 1584 erplicaat

449 1615 488 1661 er
507 1593 660 1660 Benedisli
686 1589 761 1658 Xll.
813 1593 1051 1681 Extraragantc
1074 1615 1130 1660 un.
1149 1593 1187 1658 de
1210 1591 1321 1674 Ctunsl.
1344 1598 1402 1662 int.
1423 1614 1570 1666 tornitrua.
1596 1589 1619 1630 ⁴¹
1668 1591 1711 1658 Et
1726 1588 1837 1670 teile,
1859 1611 1913 1659 nou

451 1692 540 1760 enim
560 1682 703 1777 elegillet
719 1685 762 1756 ibi
786 1683 935 1757 Pontifex
956 1711 1018 1783 pro
1029 1692 1164 1780 generali
1190 1690 1465 1780 procurationum
1484 1690 1517 1756 in
1539 1683 1780 1757 vilitationibus
1804 1687 1913 1757 debita·

451 1810 527 1857 rum
551 1805 625 1853 taxa
648 1807 815 1855 monetam
838 1787 908 1854 auri
933 1809 1031 1880 atquc
1053 1787 1201 1876 argenti,
1229 1781 1288 1854 nisi
1314 1807 1352 1854 ea
1376 1783 1530 1881 plurimis
1553 1787 1698 1880 Europe
1722 1783 1913 1855 Nationibut

451 1883 579 1978 optime
602 1905 697 1963 nota,
724 1907 821 1978 atque
844 1887 875 1950 in
892 1885 1094 1954 commercio
1116 1881 1229 1953 nstrata
1245 1877 1371 1964 fuissem
1399 1879 1481 1954 ficu·
1500 1906 1631 1954 certum
1646 1879 1713 1964 est,
1738 1883 1830 1978 quod
1848 1886 1915 1954 Sec.

453 1985 544 2050 XlV.
571 1979 602 2050 dt
627 1983 700 2052 XV.
729 1980 826 2072 longe
847 1981 978 2076 lateque
1002 2005 1062 2076 per
1085 1979 1241 2060 ltaliam,
1275 1979 1446 2062 Galliam,
1480 1981 1718 2062 Germaniam,
1752 1981 1913 2074 Angliam,

452 2083 623 2160 Sueciam,
648 2083 807 2158 Daniam,
835 2081 1005 2150 Poloniam
1023 2081 1086 2151 dre.
1103 2080 1145 2116 '¹
1172 2075 1400 2149 curfitarerint
1415 2079 1528 2169 flereni
1550 2084 1618 2147 anri
1641 2083 1678 2148 de
1698 2075 1913 2158 Florentia,&

453 2180 600 2268 argentei
626 2178 828 2268 rutenenses,
856 2179 938 2247 adeo
963 2179 1117 2274 quidem,
1143 2199 1180 2246 ut
1205 2201 1265 2270 per
1286 2179 1509 2248 imitationem
1524 2201 1541 2246 a
1557 2175 1766 2272 Principibus
1787 2179 1914 2249 Germa·

453 2279 514 2346 niae
530 2276 787 2357 recuderentur,
813 2279 912 2346 etiam
930 2277 1068 2347 retentis
1084 2273 1154 2348 lere
1172 2275 1291 2346 iisdem
1307 2271 1486 2366 infignibus
1506 2275 1625 2346 barum
1641 2271 1856 2372 llamparum.
1910 2359 1917 2370 ι

491 2451 507 2484 ’
526 2446 752 2525 Extravagana
777 2442 846 2504 haec
871 2441 1073 2505 lleneditlina
1101 2443 1261 2504 emanavit
1287 2443 1324 2503 ad
1347 2443 1542 2506 coercendos
1568 2442 1733 2506 diaetarnm
1764 2437 1915 2510 excellet,

567 2530 681 2606 quibus
699 2527 809 2606 Legati
826 2545 843 2585 a
860 2523 972 2594 latere,
999 2524 1158 2606 Episcopi,
1184 2525 1428 2598 Arcltidiaeoni,
1449 2525 1586 2597 Derani,
1615 2525 1782 2588 visitantes
1802 2541 1914 2606 gregem

567 2609 779 2676 dominicum,
806 2608 906 2687 magis
924 2606 1084 2669 [ludebant
1098 2607 1303 2688 locupletari,
1326 2627 1417 2686 quam
1439 2609 1597 2688 plantare,
1619 2607 1777 2678 evellere,
1797 2629 1833 2668 ac
1848 2601 1920 2668 dillta

566 2709 650 2773 pate.
694 2689 747 2752 Est
770 2691 910 2750 deanno
932 2691 1032 2771 ¹3a⁶3
1065 2688 1098 2749 dt
1118 2692 1170 2750 rel
1192 2691 1265 2752 ideo
1287 2690 1382 2752 servit
1407 2691 1606 2774 explicanda:
1625 2689 1741 2753 nostrae
1759 2687 1915 2753 Clementi·

567 2793 636 2848 nae,
655 2782 768 2857 utpote
788 2785 911 2835 tantum
933 2791 983 2851 24.
1001 2775 1090 2836 annis
1116 2773 1212 2855 ipsam
1231 2773 1433 2855 praecedenti.

494 2888 540 2933 ⁸*
560 2890 633 2954 Hoc
649 2901 735 2972 patet
755 2911 797 2952 ex
826 2888 887 2971 ipsa
911 2888 1163 2971 Extravagante.
1209 2889 1291 2954 Sane
1313 2894 1397 2991 ppud
1417 2888 1658 2991 Trevirosjam
1682 2888 1818 2989 invenio
1842 2883 1917 2950 nsum

568 2972 888 3136 lltll‘lllltlgss
916 2972 1465 3137 lirl0ttm⁶l51:„lrll¹mlnff
1468 2993 1552 3117 ¹:35?
1555 2972 1819 3196 ”lrrrlpvtll
1823 2970 1918 3133 ill}

568 3138 632 3200 bris
662 3136 885 3201 Turocaelum.
929 3136 1046 3198 sensus
1070 3156 1149 3215 ergo
1167 3148 1234 3199 erat
1256 3158 1323 3219 179·
1349 3136 1567 3209 Turonensea,
1598 3138 1751 3217 capitae,
1789 3134 1839 3198 seu
1860 3150 1919 3213 pre·

568 3223 646 3281 tium
669 3221 764 3297 3⁶00.
790 3216 1013 3280 Turonenses:
1044 3220 1196 3279 dabantur
1213 3239 1243 3300 5.
1261 3239 1318 3300 pro
1342 3239 1416 3292 τοο,
1443 3222 1549 3283 minua
1574 3220 1670 3281 unico
1693 3217 1868 3282 'l'urotteull
1886 3210 1918 3275 ld

569 3310 674 3363 totam
691 3299 855 3374 summam,
893 3302 979 3382 quod
1002 3302 1203 3363 mirabilitate
1221 3320 1287 3363 nou
1311 3315 1408 3365 caret.

570 3500 602 3561 V
607 3498 633 3567 1.
661 3497 734 3565 Sic
751 3518 861 3564 autem
885 3493 983 3565 habet
1006 3493 1091 3565 dille
1113 3500 1336 3588 Extraragaor
1361 3501 1392 3566 in
1413 3496 1466 3579 fin.
1485 3498 1520 3583 §.
1540 3518 1645 3589 parre,
1671 3489 1921 3591 pollquantulatt

455 3592 675 3687 premiserat,
703 3618 784 3687 quot
797 3591 1012 3664 Turonenscs
1028 3594 1168 3688 quilibet
1186 3592 1343 3665 Visttator
1358 3598 1509 3688 accipere
1524 3590 1636 3690 poffitt
1668 3594 1855 3683 Turratenses
1866 3612 1923 3684 pu·

456 3696 548 3759 didos
570 3710 713 3759 'ratus
738 3699 755 3733 *
777 3692 845 3779 stre
863 3698 1074 3782 intelligimus,
1099 3698 1178 3783 qnod
1196 3696 1276 3762 XII.
1291 3692 1417 3784 ipsarum
1436 3698 1568 3763 valeant
1582 3715 1676 3763 anem
1692 3692 1847 3782 flateram
1867 3688 1924 3759 arti

456 3790 538 3869 loni,
564 3792 651 3879 puri,
679 3791 712 3861 id
725 3793 830 3878 legalis
842 3794 1001 3882 ponderas,
1026 3815 1062 3861 ac
1075 3797 1159 3862 ranei
1174 3793 1355 3860 florentini.

443 3964 447 3973 '
498 3954 511 3989 ⁸
534 3950 719 4049 Ponrrraaf
742 3953 958 4033 explicaturus
984 3952 1201 4020 Turonensem
1216 3978 1287 4039 ·per
1314 3958 1490 4028 florenum,
1512 3956 1579 4018 alt:
1618 3956 1711 4049 tolerr
1731 3954 1806 4034 quia
1825 3960 1930 4049 praeter

571 4035 671 4131 hosce
685 4034 886 4099 'lutonensea
907 4038 1059 4099 dabantur
1073 4039 1175 4101 adltue
1190 4041 1270 4136 alii,
1284 4063 1312 4105 ε.
1335 4061 1367 4123 g.
1390 4041 1443 4101 snb
1463 4041 1593 4100 nomine
1618 4036 1822 4135 Sermonem,
1840 4034 1930 4134 ssrbtlr

572 4118 676 4191 ltunru.
700 4116 866 4180 covarruv.
888 4120 924 4181 de
949 4128 1041 4182 veter.
1064 4124 1159 4185 rorat.
1183 4126 1324 4205 numism.
1347 4140 1411 4202 rap.
1440 4140 1488 4202 ¹3·
1510 4121 1536 4200 l.
1554 4138 1582 4182 2.
1605 4138 1689 4181 num.
1713 4140 1764 4199 7.,
1785 4118 1930 4181 videlicet

572 4211 700 4263 monera
724 4200 835 4261 valens
856 4217 904 4261 12.
922 4218 1042 4342 paruos
1061 4200 1280 4275 Turonenses.
1312 4206 1473 4285 quierant
1496 4202 1635 4281 majorca
1657 4202 1768 4278 duple,
1797 4204 1930 4265 minoret

575 4282 739 4363 Crurigero
764 4280 918 4343 Treviten
955 4283 1076 4354 ‚live‚
1099 4288 1230 4349 utolim
1256 4288 1450 4356 vocabatur,
1474 4285 1621 4354 macrior
1653 4302 1724 4345 nam
1748 4302 1799 4345 ιο.
1819 4282 1930 4345 nollra·

572 4374 621 4427 tea
638 4365 756 4427 denarii
773 4365 930 4426 sariebant
948 4383 1015 4440 r4.,
1051 4366 1117 4426 imo
1140 4366 1239 4449 6115.
1258 4386 1372 4451 parvos
1396 4366 1608 4430 Turonensea.
1653 4364 1735 4426 ltem
1756 4368 1825 4427 ait:
1847 4368 1930 4435 talis,

573 4448 644 4524 quia
659 4448 811 4510 dabantur
825 4444 928 4509 Grosst
942 4444 1142 4512 Turonenser
1160 4453 1290 4534 majoris
1308 4450 1441 4515 valoris.
1462 4468 1555 4530 quant
1568 4458 1603 4512 ut
1616 4448 1649 4513 itt
1665 4465 1765 4511 tanum
1779 4446 1930 4511 florenun

573 4528 613 4588 de
632 4525 790 4597 Florentia
806 4542 1067 4615 computarentur
1083 4549 1152 4607 12.,
1176 4545 1213 4598 ut
1228 4554 1309 4601 mox
1324 4532 1515 4601 videbimur.

1843 4722 1930 4798 Vll
