4784 5550
562 605 629 682 188
1009 545 1587 660 ntssanrnreo

557 771 763 852 municttos,
789 767 879 842 iitel
902 772 1043 840 maxime
1066 766 1183 860 relapsi
1206 761 1325 848 eiicnt,
1351 764 1574 860 negligebant.
1592 821 1604 830 .
1619 767 1705 838 Non
1729 763 1977 840 abhorruerunt
1999 767 2035 842 tb

560 894 678 941 eorum
696 865 882 946 consortio,
910 892 974 938 non
993 863 1195 947 acontiiiu,
1220 889 1405 946 memores,
1425 862 1596 938 Christum
1609 859 1818 936 manducasse
1832 887 1910 936 cum
1932 867 2037 936 Phari·

559 965 629 1039 seis
653 967 685 1037 dr
709 963 952 1062 peccatoribus.
1004 961 1269 1035 Consoiabtntut
1291 962 1324 1034 dr
1347 961 1607 1035 exhortabantur
1631 985 1707 1042 eos,
1741 985 1782 1031 ne
1804 963 1954 1031 mimum
1975 959 2038 1032 dei·

559 1063 757 1161 ponderent.
810 1058 1045 1157 Resipiscentes
1063 1060 1095 1130 dt
1115 1061 1308 1158 punitentia
1324 1061 1443 1152 dignos
1461 1055 1589 1130 fruiius
1603 1057 1810 1130 ostendentes
1827 1058 1952 1150 gaudio
1970 1081 2039 1156 pen·

560 1157 626 1233 fuii
639 1183 839 1256 receperunt
856 1182 1015 1256 tanquam
1032 1155 1120 1230 iiiios
1136 1156 1288 1256 perditos
1298 1207 1309 1244 ,
1325 1153 1507 1232 feiieiiiime
1520 1160 1685 1242 inventos.
1704 1158 1890 1230 Contere.
1908 1173 2035 1230 uuest.
2074 1217 2085 1254 .;

560 1261 612 1332 lib.
631 1263 681 1333 11.
706 1281 770 1355 up.
792 1283 852 1335 ιι.

602 1418 1021 1590 mciikir¹i⁵³i1⁰7¹⁴⁶
1049 1421 1158 1506 Erant.
1182 1421 1217 1491 Ρ.
1233 1422 1300 1491 ιιι.
1323 1422 1397 1510 cap.
1414 1420 1493 1490 ιιιι
1516 1421 1595 1507 §.n
1637 1417 1893 1488 reinduant:
1922 1421 2034 1489 roem

1188 1700 1217 1790 ς.
1269 1694 1418 1770 uxrrt.

374 1848 535 1918 Posterio·
681 1852 808 1927 Saeeuio
825 1857 866 1928 x.
884 1850 918 1925 dr
934 1848 1144 1949 sequentibus
1160 1848 1237 1923 usur
1252 1851 1631 1924 excommunicationum
1646 1851 1746 1926 etiem
1761 1851 1804 1926 de
1818 1849 1951 1927 letibus
1969 1871 2037 1928 erui
2067 1811 2085 1932 i

375 1937 603 2034 ‘minimis
620 1952 660 2026 ad
676 1953 797 2023 tuenda
813 1950 995 2048 praesertim
1016 1951 1090 2043 juro
1109 1947 1251 2021 eccieiiae
1272 1951 1470 2045 temporalia
1492 1945 1694 2022 indidiarom
1717 1947 1766 2046 (d.
1785 1955 1864 2042 48)
1885 1947 2039 2048 frequen·
2070 1975 2078 2044 t

375 2018 550 2163 pfl‘fflm,
564 2054 630 2123 tior
647 2047 709 2124 eiie
725 2055 839 2145 coepit.
888 2054 971 2144 Qrae
993 2072 1030 2118 ut
1052 2071 1243 2141 exoptatum
1264 2046 1425 2122 haberent
1438 2043 1616 2127 effessum,
1641 2049 1828 2145 prohibitio
1848 2051 2085 2168 commerciif

375 2120 451 2246 xm
463 2199 533 2242 mo.
564 2174 639 2220 cum
663 2149 1034 2221 excommunicaturam
1060 2148 1093 2215 in
1116 2145 1285 2227 civilibus,
1320 2169 1420 2242 quom
1441 2148 1475 2216 in
1494 2142 1592 2215 saeris
1612 2141 1761 2219 latiiiime
1784 2143 1915 2218 extense
1944 2169 2040 2224 etue
2075 2185 2084 2236 t,

377 2266 525 2328 dumex-
566 2247 693 2320 summo
708 2270 784 2317 cum
801 2249 913 2336 rigore
930 2243 1049 2314 sancita
1065 2239 1121 2314 est.
1170 2247 1263 2312 Nam
1280 2267 1321 2316 nc
1345 2240 1444 2314 settis
1463 2243 1618 2338 quidem,
1642 2243 1775 2328 liberis,
1802 2247 1898 2316 uxori
1923 2244 1966 2318 iit
2009 2269 2040 2320 tt

375 2345 483 2413 iensut
497 2342 551 2409 est·
565 2346 606 2419 ad
631 2337 951 2418 excommunicatum
975 2340 1149 2420 accedere,
1176 2365 1236 2410 nee
1258 2337 1327 2434 ipse
1352 2341 1530 2434 injudicio
1552 2364 1766 2434 competere,
1804 2340 1855 2413 vei
1879 2341 1950 2414 uiio
1968 2340 2040 2438 jure

564 2445 709 2539 gaudere
725 2461 865 2536 poterat.
916 2441 1080 2509 Praeterea
1098 2461 1172 2507 cum
1185 2435 1276 2530 juxta
1293 2441 1445 2528 antiquos
1467 2462 1608 2508 canones
1628 2441 1878 2510 communicent
1891 2463 1969 2512 eum
1989 2465 2042 2514 er·

563 2545 811 2622 communicato
829 2533 1008 2629 aliquando
1029 2533 1193 2612 incideret
1210 2537 1244 2603 in
1264 2535 1402 2607 candent
1425 2539 1798 2608 excommunicationem
1812 2533 1906 2634 (sup.
1921 2547 1950 2628 ὅ.
1964 2539 2039 2630 47.)

563 2639 679 2712 eadem
694 2635 752 2729 ipso
767 2637 849 2724 fado
866 2633 897 2704 dr
914 2631 1106 2722 indistindim
1123 2628 1238 2702 stntuto
1254 2629 1317 2714 est,
1345 2635 1377 2703 in
1396 2640 1452 2704 'eos
1467 2637 1525 2727 qui
1538 2630 1651 2704 rursus
1665 2635 1953 2708 communicarent
1967 2659 2040 2710 eum

563 2739 629 2810 hoc
652 2735 947 2807 excommunicato.
1012 2731 1065 2802 Sic
1088 2753 1153 2801 unc
1180 2732 1477 2802 excommunicatio
1509 2727 1653 2802 infinitae
1681 2732 1824 2828 peperit.
1884 2734 2041 2830 Denique

564 2839 846 2909 Goncontns
872 2831 953 2899 Vll.
980 2827 1098 2900 edixit:
1154 2836 1224 2900 Nos
1241 2836 1415 2900 Sardorum
1432 2830 1673 2918 Praederrffrrutrr
1692 2832 1811 2919 sternte
1828 2850 1967 2903 tenentes
1984 2858 2040 2917 ets,

562 2940 615 3027 qni
638 2934 897 3003 excommunicatis
908 2927 1063 3018 fidelitate
1081 2947 1137 2997 aret
1150 2926 1337 3018 [ιιιιιιιιιιιο
1361 2928 1507 3017 totrstridir'
1527 2938 1616 3015 snrrt,
1642 2929 1798 3016 apollodor
1819 2934 2043 3005 «unornane

556 3036 732 3127 juramento
755 3028 957 3115 absolvimus,
983 3028 1016 3100 id
1039 3050 1075 3093 rte
1096 3031 1139 3096 eis
1154 3028 1339 3116 fideiirntrtn
1362 3028 1543 3115 observent,
1576 3028 1707 3093 omnibus
1729 3029 1823 3095 modis
1843 3029 2041 3119 probibentur.

564 3140 641 3200 carr.
659 3155 693 3202 ι.
711 3130 747 3196 X
749 3133 788 3199 V.
813 3151 843 3215 q.
867 3130 925 3194 VI.
955 3131 1029 3194 carr.
1047 3149 1079 3203 ι.
1096 3127 1167 3191 idid.
1222 3128 1331 3215 Quam
1344 3146 1482 3217 pretam
1497 3118 1682 3191 doiirinam
1697 3120 1766 3216 ipse
1779 3126 1910 3216 primun
1927 3149 2042 3198 contre

562 3231 825 3297 Hunntcunt
855 3223 915 3288 IV.
938 3222 1026 3313 lmp.
1052 3223 1086 3288 in
1112 3221 1228 3314 prurio
1251 3219 1384 3291 deduxit
1407 3220 1440 3290 dr
1464 3221 1508 3288 ita
1531 3215 1671 3290 effeiius
1689 3224 2041 3295 excommunicationis

562 3321 662 3417 supro
678 3342 792 3391 omnes
811 3318 932 3387 limites
950 3316 1102 3413 protulit.
1155 3320 1213 3388 Sed
1229 3322 1353 3387 nimium
1368 3321 1530 3387 terribilem
1544 3319 1661 3407 errirstae
1673 3319 1848 3411 potestatem
1862 3325 2043 3395 redderetur

564 3437 746 3495 contentum
763 3419 913 3495 reddidit,
941 3439 1061 3505 remque
1079 3440 1110 3485 er
1125 3418 1271 3495 deduxit,
1297 3435 1332 3485 ert
1346 3419 1414 3486 laici
1429 3414 1566 3503 censetur
1582 3418 1797 3508 susquedeque
1817 3418 1982 3507 deberent,
2007 3424 2044 3501 U

559 3520 694 3612 detritus
709 3518 828 3610 episcopi
842 3516 884 3585 ad
898 3537 949 3584 eas
964 3516 1098 3599 recusare
1114 3514 1299 3583 dubitarent.
1325 3514 1532 3583 Fuerint:
1558 3518 1612 3584 ior.
1628 3519 1680 3583 rit.
1704 3521 1744 3595 d.
1760 3538 1795 3601 3.

604 3683 720 3763 Quoad
739 3681 888 3744 vitandos
904 3681 1203 3743 excommunicatos
1217 3697 1267 3742 tet
1280 3680 1358 3741 oiim
1378 3680 1421 3742 itt
1436 3677 1465 3741 se
1487 3678 1616 3742 habuit:
1642 3682 1695 3760 qui
1708 3699 1820 3744 eorum
1836 3686 2043 3751 communio·

680 3784 749 3825 nem
766 3764 888 3844 publice
908 3762 1174 3840 ampieftebantut
1188 3761 1221 3823 dc
1238 3763 1413 3843 praecipue,
1426 3764 1479 3841 qui
1494 3760 1524 3824 se
1538 3762 1712 3843 jungebant
1727 3763 1796 3835 his,
1819 3765 1873 3846 qui
1888 3775 2043 3851 tunquam

678 3845 821 3907 haetetici
833 3857 886 3905 aut
905 3844 1091 3907 schismatici
1107 3865 1147 3906 ex
1162 3842 1289 3906 ecclesie
1307 3845 1398 3922 ejecti
1415 3855 1522 3915 etant,
1544 3847 1567 3907 ii
1588 3845 1655 3926 ipso
1671 3846 1756 3911 tatto
1774 3854 2044 3916 excommunice-

678 3929 722 3999 ti,
745 3928 810 3989 imo
832 3927 942 4005 potius
958 3926 1042 4006 quast
1059 3926 1180 4005 seipsos
1196 3925 1482 3991 exeommunicnffe
1494 3927 1706 3991 censebuntur.
1750 3926 1785 3993 Si
1800 3943 1906 3993 autem
1920 3954 1966 3995 ex
1979 3936 2045 3998 eit·

678 4007 873 4073 curostentiis
887 4018 1025 4088 pateret,
1050 4010 1134 4083 qnod
1154 4009 1192 4069 ad
1219 4008 1345 4071 iilotum
1363 4020 1543 4073 conventus
1569 4010 1770 4083 accederent,
1792 4030 1858 4075 nou
1880 4025 1915 4075 ut
1930 4013 1962 4077 ie
1977 4018 2043 4081 itti·

678 4092 711 4155 in
730 4087 838 4152 haerefi
860 4102 913 4151 aut
930 4088 1043 4151 sceiere
1058 4090 1250 4171 jungerent,
1276 4088 1324 4151 scd
1340 4090 1529 4154 curiositatis
1555 4093 1659 4155 aliave
1677 4094 1716 4153 de
1735 4092 1843 4165 cnui'a,
1865 4094 1962 4165 item,
1985 4100 2044 4179 qui

679 4192 750 4237 eum
767 4168 901 4254 privatis
915 4174 1200 4235 excommnnicatis
1216 4174 1489 4235 communicabant
1505 4188 1597 4235 extre
1619 4177 1752 4246 crimen,
1783 4174 1845 4239 hoe
1859 4178 2042 4259 puniendos

678 4256 801 4336 quidem
820 4254 944 4323 dixere,
967 4257 1032 4315 imo
1048 4254 1080 4316 dr
1096 4255 1441 4326 excommunicandos,
1470 4252 1566 4317 stnec
1581 4258 1695 4319 moniti
1719 4278 1735 4317 a
1760 4260 1866 4322 vetito
1882 4278 2043 4325 commet-

680 4337 732 4398 cin
750 4334 945 4407 deiisterent;
968 4336 1017 4398 sed
1043 4354 1106 4397 nnn
1126 4336 1191 4415 ipso
1210 4336 1277 4397 'ute
1296 4338 1566 4404 excommunicati
1588 4337 1790 4407 habebantur.
1840 4340 1941 4409 ΜΝ
1962 4344 2044 4410 ES-

682 4416 794 4485 PEN:
820 4417 919 4489 Troe.
933 4422 982 4487 ιιι.
1006 4419 1078 4504 Cap.
1102 4416 1179 4486 Vir.
1204 4354 1236 4501 i.
1252 4436 1283 4501 7.

1826 4586 1887 4695 ,0

1890 4674 1920 4769 ς.
1936 4677 2041 4753 exn.
