4784 5550
448 631 520 717 aaa
892 613 1476 697 urssattrnrto
1586 549 1589 554 ⁵

453 804 607 898 „gotium
632 795 928 896 praescriptionem
956 820 1022 868 noo
1038 795 1203 881 admittit,
1231 821 1292 874 nee
1311 795 1471 897 impedit,
1499 819 1568 896 quo
1590 797 1704 872 minue
1720 794 1816 900 polbt
1832 797 1911 900 stig·
1952 823 1958 872 t

455 904 570 989 „natio
586 897 659 972 ficri
675 898 848 968 locationis
866 889 983 965 fatiae.
997 943 1018 977 „

545 1027 620 1104 Iuli.
636 1025 741 1094 lieno.
765 1022 972 1092 llOlllllllER
989 1025 1024 1091 iu
1038 1026 1121 1092 intit.
1141 1026 1204 1092 iar.
1222 1023 1314 1112 cecus.
1338 1025 1463 1113 stolrss.
1485 1025 1522 1096 L.
1536 1047 1568 1114 g.
1585 1023 1652 1094 Tit.
1666 1045 1720 1112 30.
1735 1027 1771 1114 ς.
1786 1023 1838 1106 εἰ.

1075 1221 1107 1304 §.
1154 1208 1230 1284 XX
1244 1211 1296 1286 V.

568 1379 717 1450 Demum
734 1375 825 1444 tenio
842 1367 941 1446 fauor
963 1369 1169 1446 decimatum
1191 1398 1300 1448 tantus
1323 1371 1391 1458 cll,
1424 1394 1462 1446 vt
1481 1373 1610 1447 nullam
1634 1371 1745 1451 traua
1769 1381 1920 1474 temporit
1953 1367 1958 1456 l

454 1474 632 1550 admittere
656 1471 807 1542 videatur
825 1472 1107 1549 imminutionem,
1158 1473 1281 1570 Qtid?
1314 1471 1405 1564 quod
1428 1474 1461 1542 in
1481 1468 1651 1568 suppofito
1669 1479 1776 1548 etiam
1795 1499 1921 1549 concur·¹

454 1573 561 1649 rentia
574 1570 712 1642 alicuius
729 1565 972 1660 negligentiae,
999 1571 1079 1640 hacc
1096 1565 1162 1640 sola
1181 1571 1223 1642 ad
1240 1567 1527 1666 praescribendam
1542 1569 1734 1646 libertatem
1754 1575 1845 1646 iuxta
1864 1573 1924 1672 ple

457 1691 645 1766 rarumque
664 1667 745 1738 DD.
762 1687 910 1736 mentem
928 1691 995 1738 non
1013 1663 1149 1752 indicit,

561 1814 648 1898 Coos.
673 1811 895 1970 {managni
910 1829 939 1876 r.
958 1811 1043 1878 eous.
1060 1831 1135 1895 on.
1156 1823 1226 1888 181.
1252 1811 1446 1880 GYLlllAN.
1465 1815 1501 1878 ait
1514 1809 1675 1902 symphor.
1690 1829 1775 1887 ton.
1791 1837 1824 1902 4.

649 1917 680 1980 g.
711 1915 765 1962 ,m

398 1999 400 2006 Ι
453 2041 560 2118 quum
572 2019 684 2114 petitia
701 2039 758 2095 ea,
776 2037 862 2108 quae
876 2013 961 2086 meti
978 2012 1052 2085 sunt
1064 2012 1194 2086 arbitrii
1214 2014 1307 2084 nullo
1321 2037 1465 2107 inquam
1481 2033 1634 2110 tempore
1646 2017 1834 2112 pruelcribi
1844 2014 1928 2118 pull'c

455 2116 548 2191 teile
563 2112 813 2186 existimandum
835 2109 885 2185 stt.
932 2115 1022 2182 Sicut
1044 2115 1151 2193 enim,
1170 2109 1201 2181 st
1216 2113 1309 2182 mille
1327 2113 1432 2182 millia
1448 2135 1612 2183 annorum
1625 2137 1704 2186 area
1717 2115 1830 2187 nostra
1846 2127 1927 2200 lurra

452 2216 616 2313 palatium
634 2211 768 2281 alterius
786 2205 905 2289 luerit,
931 2233 991 2280 nec
1005 2206 1234 2292 aedificatum,
1256 2209 1474 2280 nibilominut
1496 2208 1620 2305 absque
1640 2213 1876 2309 prohibitione
1888 2218 1927 2288 vi.

454 2314 521 2384 cini
540 2306 713 2382 aedificate
732 2305 901 2403 pollumus
913 2352 941 2409 ,¹

951 2451 1022 2516 arg.
1035 2436 1055 2499 l.
1075 2435 1168 2498 ullius
1188 2434 1220 2500 C.
1240 2433 1426 2530 destruilul.

454 2553 590 2652 eoquod
605 2549 790 2623 aedificatio
809 2575 917 2647 neque
938 2578 956 2623 a
982 2547 1184 2625 coriceliione
1208 2553 1310 2643 legia,
1337 2576 1445 2647 neque
1470 2548 1510 2621 ab
1532 2551 1588 2623 illa
1614 2549 1764 2623 bominis
1790 2552 1924 2651 erpttlla

446 2653 511 2725 ¹seu
529 2653 626 2721 tacita
647 2650 856 2744 dependeat,
890 2646 930 2720 fit
946 2653 1065 2736 etiam,
1096 2675 1201 2746 quum
1224 2655 1263 2720 ad
1292 2651 1470 2720 locandum
1490 2672 1593 2720 nemo
1612 2649 1664 2718 vel
1693 2651 1810 2743 alege
1827 2657 1875 2724 vel
1889 2653 1924 2723 ab

454 2751 594 2825 bomine
610 2744 795 2837 obligetur,
821 2745 877 2819 sed
891 2746 1014 2818 locatio
1034 2746 1070 2818 lit
1087 2749 1211 2818 atluaa
1228 2746 1380 2819 libertate
1397 2749 1430 2817 dt
1449 2741 1604 2818 facultate
1621 2749 1766 2819 naturali
1788 2749 1922 2846 praecise

454 2844 601 2944 [pellata
617 2866 829 2940 competens,
853 2844 962 2915 nullus
979 2846 1239 2929 decimatorum,
1264 2843 1361 2919 finito
1376 2845 1548 2918 locationis
1569 2844 1763 2933 contraibo,
1791 2851 1833 2921 ad
1854 2850 1922 2927 ulte,

454 2948 527 3022 riua
541 2940 719 3017 locandum
735 2941 879 3017 decimaa
894 2939 1126 3037 adstringetur.

1077 3138 1112 3228 b
1159 3130 1319 3209 XXVL
1955 3128 1958 3237 j

1955 3244 1958 3283 l

567 3307 725 3401 Denique
750 3328 880 3380 certum
904 3329 944 3379 ex
965 3304 1039 3379 iure
1062 3299 1108 3377 cll
1127 3326 1262 3398 quarto,
1304 3304 1542 3400 benignitatem
1564 3303 1597 3376 in
1620 3304 1917 3391 incommodum&

452 3428 538 3479 unua
562 3405 734 3499 largientis
760 3409 845 3477 verti
864 3430 930 3475 non
954 3403 1088 3481 debere.
1139 3408 1255 3499 Qtum
1277 3405 1382 3497 igitur
1405 3403 1588 3477 decimator
1610 3429 1649 3474 en
1672 3404 1914 3478 humanitate&

451 3498 669 3575 beneficentia
692 3503 887 3575 decimatio
907 3505 1046 3596 pecunia
1070 3501 1247 3592 aliquoties
1270 3505 1457 3595 receperit;
1497 3502 1616 3595 locatio
1639 3500 1778 3597 insuper
1802 3501 1913 3574 imbibi·

452 3620 521 3669 tam
537 3601 620 3671 banc
634 3600 859 3671 conditionem
872 3600 1011 3679 babeat,
1039 3600 1198 3692 quamdiu
1214 3598 1361 3692 partibus
1378 3604 1421 3668 ita
1438 3597 1615 3691 placuerit:
1641 3600 1816 3690 quomodo
1830 3603 1910 3679 dicet,

452 3698 524 3766 eius
544 3699 595 3765 ius
625 3696 809 3766 decimandi
835 3699 868 3765 in
894 3692 1071 3791 supposito·
1085 3693 1198 3764 nollto
1214 3718 1361 3777 certum,
1394 3696 1636 3789 arbitriumque
1656 3695 1803 3769 decimae
1821 3720 1869 3768 aut
1883 3698 1908 3765 in
1948 3720 1958 3789 ι

453 3814 590 3873 natura,
615 3796 719 3862 autin
737 3796 847 3885 pretio
873 3794 1028 3889 petendi,
1054 3793 1097 3863 ob
1116 3789 1218 3862 solam
1233 3800 1303 3862 eius
1329 3792 1584 3885 benignitatem,
1612 3816 1677 3890 per
1701 3792 1832 3893 lapsum
1846 3814 1908 3867 tem·
1949 3792 1956 3867 ἰ·

450 3891 565 3986 potii,
590 3888 750 3960 excludi?
773 3894 857 3963 Sane
872 3886 987 3987 quodlt
1002 3894 1127 3983 quinto,
1153 3884 1332 3962 secundum
1952 3886 1956 3897 '

898 4039 919 4104 l.
939 4058 991 4121 33.
1005 4030 1047 4120 ff.
1069 4037 1105 4101 de
1124 4035 1248 4113 donat..

452 4169 621 4270 quaelibet
635 4195 688 4245 ret
705 4195 742 4243 ex
758 4170 890 4262 origine
905 4168 959 4241 sun
980 4173 1146 4243 metienda
1164 4170 1228 4253 cll,
1265 4194 1341 4246 eum
1368 4196 1458 4248 certe
1473 4172 1590 4249 ilatum
1613 4172 1747 4268 lemper
1763 4162 1908 4272 praesumi

452 4268 576 4341 necclle
592 4268 656 4350 cst,
682 4272 742 4363 qui
759 4266 800 4339 ab
814 4271 910 4339 initio
927 4274 1044 4343 ettitit.
1093 4274 1140 4340 lix
1156 4268 1252 4340 ditiis
1270 4296 1351 4344 teto
1368 4298 1479 4369 patet,
1503 4278 1534 4345 in
1552 4271 1723 4366 proposita
1737 4271 1911 4369 quaestione
1956 4278 1958 4307 ⁵

452 4389 529 4438 eum
547 4364 626 4457 fingi
643 4364 782 4449 ilatum,
806 4391 874 4460 quo
890 4369 1092 4436 ‹lecim-arum
1107 4370 1273 4439 Dominus
1293 4373 1342 4441 iua
1365 4374 1508 4443 liberum
1529 4371 1716 4442 decimandi
1739 4396 1806 4465 pro
1820 4368 1913 4467 pretio

322 4500 326 4507 ·
449 4456 621 4542 concessit,
656 4465 745 4533 nulla
770 4464 809 4533 ad
836 4464 925 4533 hunc
952 4462 1159 4533 contrabium
1184 4489 1322 4553 urgente
1340 4474 1442 4551 iuria,
1484 4495 1521 4538 et
1547 4491 1642 4562 parte
1666 4467 1916 4541 decimariorutu

450 4557 609 4654 quaefiti,
625 4556 826 4645 necessitate,
845 4584 908 4656 per
919 4560 1121 4659 conliquena
1137 4563 1193 4633 illa
1208 4564 1344 4641 libertas
1359 4568 1486 4651 tamdiu
1503 4567 1610 4640 adbuc
1621 4565 1780 4651 exiliere,
1798 4564 1921 4642 &salua

1866 4680 1923 4739 mt-
