4784 5550
478 623 651 708 nnete.
668 623 695 700 l.
713 623 783 698 DE
801 622 988 718 JURAM.
1011 619 1246 696 CALUMN.
1267 619 1391 696 PARS
1414 620 1701 700 POSTERIOR
1730 625 1798 702 nc.
1853 651 1928 725 ,141
2059 669 2063 680 ·

468 813 544 904 [trun
557 809 734 896 Superiorem
751 829 813 899 pto
830 802 963 874 confilio
979 801 1131 887 solutori,
1156 828 1195 874 ne
1216 798 1304 874 sorte
1319 809 1452 874 innitens
1472 810 1635 893 prudentis
1645 809 1721 897 fue,
1748 835 1783 880 ac
1799 797 1928 906 philau·

471 912 531 987 tiae,
548 915 680 982 succure,
707 905 739 973 δι’
752 905 817 990 fine
835 906 929 971 tristis
948 906 1117 980 sisinnius,
1143 901 1248 988 juret,
1281 927 1363 971 neve
1378 903 1522 996 jurando
1539 907 1577 971 od
1595 891 1784 993 fissslsratrut
1802 915 1929 1000 jurantis

467 1005 640 1104 perueniat,
670 1001 702 1070 ἃ
724 1027 763 1071 er
778 996 934 1070 facilitate
953 1000 1085 1094 jurundi
1112 1005 1152 1067 sd
1168 1005 1424 1084 consuetudinem,
1452 1000 1540 1071 &cr
1556 1005 1792 1076 consuetudine
1806 1015 1848 1076 ad
1859 1033 1931 1101 pst-

461 1109 577 1197 jurium,
605 1122 641 1169 ut
657 1100 807 1193 loquitur
825 1105 854 1170 S.
879 1112 964 1190 Aug.
980 1103 1029 1168 lib.
1056 1101 1328 1190 remisissetis.
1357 1125 1407 1180 15·
1427 1106 1504 1168 cissa
1531 1107 1607 1168 trieri.
1656 1107 1771 1197 Quare
1793 1109 1850 1174 dun
1874 1109 1930 1176 ltic

427 1197 430 1204 ’
464 1199 612 1272 subtiliter
627 1194 701 1267 sunt
718 1193 946 1287 distinguenda
962 1218 1118 1288 precepta,
1143 1195 1285 1264 alterurn
1302 1201 1443 1276 Domini,
1467 1196 1608 1266 alterum
1623 1204 1773 1288 Esslesr's:
1791 1205 1931 1274 Domini

461 1318 655 1396 preceptum
674 1319 825 1364 commune
841 1297 881 1384 ιβ
901 1299 1041 1374 clericis,
1071 1296 1227 1372 (sinitis,
1255 1318 1314 1363 nec
1327 1297 1462 1378 absolute
1481 1295 1638 1388 prohibet
1651 1300 1782 1389 jurare,
1810 1298 1862 1369 sed
1881 1307 1931 1370 in·

463 1417 552 1478 ssrte,
579 1417 615 1464 ac
643 1399 776 1473 leviter,
807 1391 931 1485 absque
957 1415 1065 1484 magna
1088 1394 1273 1482 nsssffitsrs,
1305 1393 1419 1462 inore
1440 1393 1592 1462 bibendo
1614 1394 1835 1486 jurationem,
1861 1423 1930 1469 tost-

461 1517 545 1592 qutm
562 1515 722 1584 inagnum,
758 1504 924 1579 cursitans
944 1495 1078 1581 aliquid,
1104 1515 1167 1559 cusu
1186 1492 1366 1582 suptilitate,
1397 1513 1451 1559 esst
1471 1495 1665 1562 dessolatione
1674 1501 1819 1584 joranni:
1847 1523 1929 1588 quo·

460 1597 533 1664 niam
548 1615 631 1662 vern
646 1611 825 1660 commune
846 1588 908 1657 hoc
931 1610 1134 1680 preceptum
1155 1589 1299 1678 fissgulssi
1326 1585 1550 1678 religiofitotis
1571 1612 1687 1659 rasione
1703 1593 1742 1660 ad
1759 1595 1925 1678 Clericus,

455 1691 594 1785 ¹elisaque
617 1683 795 1783 personas,
830 1681 1072 1779 perfessionem
1096 1681 1293 1777 profitentes
1316 1685 1497 1778 majorem,
1534 1689 1741 1783 pertinebat,
1774 1689 1814 1761 stc
1834 1718 1927 1764 canon

464 1793 576 1860 Pastum
591 1790 741 1875 antiquiss
755 1782 893 1852 Clericis
910 1788 994 1852 ultra
1013 1802 1184 1873 prereptum
1202 1783 1313 1873 Christi
1335 1785 1479 1876 injungit
1497 1809 1555 1853 non
1572 1791 1675 1872 iurare
1690 1794 1826 1878 pertitus:
1850 1814 1929 1861 cunt
2040 1785 2045 1794 ’

461 1909 555 1959 eutem
572 1881 660 1954 islud
682 1903 886 1976 praeceptum
903 1876 1151 1951 ecclesallicum
1166 1885 1329 1970 aliquando
1346 1885 1460 1952 venite
1481 1905 1614 1976 poterat
1632 1886 1865 1967 relaxandum,
1890 1909 1929 1958 ut

459 1983 573 2078 juraret
591 1982 768 2061 Clericus3
803 2003 843 2048 ne
868 1979 932 2058 buc
954 1979 1053 2046 nimis
1077 1972 1366 2071 frequentaretur,
1402 1986 1552 2048 Honorius
1573 1981 1692 2074 adjecit
1714 1985 1876 2055 cautelam
1891 1992 1929 2058 de

460 2083 625 2170 msalsndo
637 2081 941 2172 desupersupetiore,
964 2072 1036 2170 ipso
1054 2073 1437 2163 etiamlumnsuPonsificr,
1460 2077 1495 2145 in
1509 2075 1679 2172 casu,quq
1695 2081 1793 2154 vellet
1810 2085 1926 2174 ¹iurare

459 2175 647 2276 Episcopus.
698 2178 755 2246 As
773 2176 906 2264 conitor.
928 2178 1012 2244 Non
1033 2170 1138 2242 solum
1155 2171 1276 2242 Clerici
1292 2178 1426 2264 pejerare
1440 2197 1506 2243 non
1529 2172 1730 2249 debentium
1744 2179 1924 2267 consciencia
2037 2209 2049 2272 '.

459 2283 528 2350 use
543 2274 654 2354 caasa,
680 2271 734 2342 sed
750 2296 848 2342 etiem
866 2298 923 2340 non
940 2279 1048 2361 jurate
1072 2295 1137 2341 sum
1159 2275 1292 2360 opinione
1314 2274 1391 2341 iona
1414 2271 1520 2359 sauss,
1552 2295 1588 2342 ut
1604 2270 1782 2368 sequentur
1801 2275 1929 2349 summa
1983 2321 1998 2332 -

411 2443 416 2466 ‚
460 2369 658 2474 perseklione
677 2393 880 2463 preceptum
898 2369 1055 2446 Domini,
1082 2367 1157 2436 licet
1178 2368 1241 2436 huc
1262 2370 1308 2437 eis
1327 2371 1467 2466 proprie
1491 2393 1557 2440 non
1580 2395 1670 2445 reret
1685 2371 1798 2467 jurare
1824 2376 1859 2446 in
1873 2374 1928 2448 ulo

411 2469 416 2588 l
462 2477 530 2546 tinto
545 2469 608 2543 illo
625 2467 719 2550 casu3
746 2464 800 2536 sed
816 2489 942 2536 tantum
965 2471 1069 2560 regule
1088 2466 1289 2556 essisssrsticae.

410 2651 414 2722 l
561 2690 623 2762 49,
650 2667 694 2733 D.
713 2670 827 2732 contra
846 2661 889 2746 ess
915 2659 969 2753 3.)
992 2663 1083 2754 Ergo
1100 2665 1226 2755 amplius
1246 2665 1364 2752 aliquid
1386 2659 1538 2733 uetabant
1559 2661 1777 2738 ecclesiaslicae
1799 2649 1945 2760 regulae'

411 2780 413 2791 '
459 2769 581 2845 cletin,
608 2787 708 2858 quam
728 2756 797 2855 ipse
817 2761 994 2831 Dominus.
1043 2765 1080 2832 C.
1097 2759 1270 2840 Concedo,
1298 2760 1330 2830 ἃ
1354 2761 1417 2830 ltoc
1441 2760 1534 2839 ideo,
1561 2787 1596 2831 ut
1620 2786 1824 2859 preceptum
1849 2774 1923 2840 Dn-

410 2912 412 2939 ,
458 2866 527 2935 mini
544 2884 635 2935 tanto
649 2866 783 2929 exsilius
808 2856 995 2929 seruaretur
1015 2884 1032 2927 a
1051 2863 1201 2950 primariis
1223 2858 1294 2952 ejus
1315 2862 1481 2948 discipulis:
1513 2857 1589 2927 ideo
1607 2860 1761 2931 nolebant
1783 2869 1840 2938 SS.
1862 2870 1925 2938 Cn.

456 2986 570 3041 nones,
601 2960 635 3029 ἃ
661 2957 774 3049 leges,
804 2956 907 3026 utvel
934 2977 1117 3027 tentaretur
1138 2957 1287 3025 Clericus
1312 2956 1350 3023 ed
1371 2954 1550 3046 juraudum
1580 2979 1641 3050 per
1662 2960 1923 3049 compulsionem
1972 2978 1979 2989 '

455 3060 600 3153 legalem.
655 3059 695 3125 Ι),
714 3056 817 3148 Atqui
837 3055 900 3125 buc
916 3078 1003 3122 non:
1029 3056 1133 3146 proin:
1163 3059 1195 3123 S.
1216 3065 1522 3131 Annusgrtnus
1539 3054 1580 3121 tle
1601 3052 1775 3148 semetipso
1792 3058 1871 3129 dicit
1887 3068 1922 3129 in
2005 3108 2013 3125 t

455 3162 527 3231 Can.
551 3180 608 3251 14.
627 3156 732 3223 Xllll.
749 3178 780 3247 q.
800 3179 828 3221 1.
879 3157 1037 3246 Quintum
1057 3160 1098 3220 ad
1117 3178 1162 3219 sne
1176 3157 1324 3241 periisset,
1343 3154 1433 3241 juro,
1456 3150 1509 3241 [cri
1525 3175 1673 3241 qssnntum
1688 3158 1760 3221 insist
1775 3161 1922 3241 uidetur,

453 3281 555 3351 mgna
570 3255 736 3344 neteffitats
755 3252 935 3344 compulsum
961 3276 1025 3321 sum
1049 3256 1177 3328 uidero,
1202 3252 1471 3329 annosissimis,
1496 3252 1553 3331 nist
1566 3252 1701 3343 fusionis
1734 3256 1838 3339 issi,
1869 3262 1922 3346 qni

455 3362 517 3425 niis
533 3378 594 3423 noa
610 3354 723 3430 credit,
749 3373 806 3417 non
824 3353 985 3440 expedire,
1011 3353 1089 3438 quod
1107 3373 1164 3418 non
1186 3350 1309 3417 credit:
1342 3350 1395 3415 lias
1416 3356 1554 3439 perpensa
1575 3372 1709 3428 satisne,
1745 3356 1779 3424 ξεῖ
1796 3356 1922 3441 confide·

454 3458 563 3527 ratione
578 3453 711 3528 librata,
737 3470 801 3515 sum
815 3469 921 3537 magno
937 3450 1043 3515 timore
1060 3452 1144 3516 diso:
1169 3468 1281 3515 coram
1299 3449 1391 3523 Deo,
1415 3467 1469 3515 sut
1483 3442 1571 3533 tellis
1588 3443 1633 3515 esl
1655 3451 1766 3525 Deus,
1791 3474 1845 3516 aut
1865 3449 1923 3522 scit

448 3532 618 3628 bhrillus,
642 3548 682 3634 fis
700 3545 799 3636 effero
814 3552 912 3612 aninsu
934 3568 1016 3613 msut
1044 3546 1207 3621 &vitlem
1233 3568 1304 3631 quta
1324 3547 1390 3633 plus
1410 3542 1469 3630 est,
1500 3546 1533 3610 id
1551 3543 1610 3627 ιβ,
1636 3548 1706 3634 quis
1721 3550 1846 3632 stuplius
1862 3550 1921 3635 ess,

450 3674 553 3743 qum,
583 3634 726 3734 ess,'sst,
754 3668 829 3721 nois,
848 3646 934 3710 ‘nont
962 3640 1033 3729 (sd,
1058 3647 1136 3732 quud
1162 3646 1288 3731 amplius
1310 3642 1368 3729 est,
1396 3643 1510 3708 amalo
1534 3642 1575 3721 eli
1601 3664 1659 3708 non
1681 3646 1848 3715 credentis:
1874 3645 1923 3715 id·

452 3748 555 3845 ipsum
573 3765 712 3839 qunque
728 3736 877 3836 permisit
901 3735 1073 3833 Episcopis
1092 3764 1177 3808 anno
1202 3750 1281 3825 850.
1298 3742 1427 3830 Syrtidos
1442 3742 1538 3829 Regia
1560 3742 1664 3808 ‘Iscina
1678 3764 1745 3812 tan.
1762 3764 1813 3815 4.:
1838 3768 1922 3833 ergo

453 3846 588 3921 Clerieis
609 3866 675 3911 non
699 3861 769 3908 erat
790 3839 922 3929 penitus
945 3834 1150 3929 prohibitum
1170 3836 1308 3927 juraret
1340 3858 1421 3924 ergo
1444 3841 1546 3925 regula
1568 3843 1707 3906 canonisis
1730 3838 1813 3908 nilnl
1831 3841 1921 3911 eliud

451 3942 600 4021 uolebat,
625 3961 724 4035 quam
746 3940 849 4026 segola
868 3934 987 4020 christi.
1037 3938 1073 4003 C.
1094 3932 1266 4026 Epis'copis
1291 3955 1368 4001 tunc
1387 3931 1494 4025 major
1513 3930 1628 4003 relie‘la
1648 3958 1720 4005 erut
1739 3936 1921 4009 arbitrandi

451 4040 614 4151 poteslas,
641 4037 673 4107 ἃ
690 4032 849 4108 librattdi,
876 4053 978 4102 utrum
994 4031 1105 4114 exilius
1125 4042 1208 4119 salus
1223 4035 1307 4099 licite
1323 4032 1508 4119 iurationis,
1536 4056 1636 4126 quam
1652 4037 1772 4126 cuique
1788 4036 1920 4107 Clerico

452 4138 621 4213 inferiori,
650 4158 712 4228 pro
727 4131 819 4223 cujus
835 4126 1022 4208 senilitate,
1050 4128 1081 4199 n
1106 4129 1283 4222 prudentia
1303 4153 1369 4197 non
1387 4124 1487 4195 llebnt
1511 4152 1597 4199 tonte
1617 4128 1848 4223 praelitrnptio:
1874 4133 1923 4201 id·

451 4236 666 4311 andrensibus
685 4237 807 4299 Cleusis
825 4253 889 4296 nost
907 4226 969 4315 legi
988 4251 1165 4304 continent,
1192 4229 1249 4318 qui
1266 4230 1390 4316 ipsorum
1414 4230 1521 4301 iuditio
1543 4224 1724 4319 reliquisset
1743 4230 1921 4319 jurationis

451 4338 647 4431 estiusndsm
663 4330 876 4419 neseffitststnt
901 4324 1146 4403 multominus,
1172 4326 1229 4417 qui
1248 4318 1461 4415 permifislct,
1489 4348 1545 4392 cos
1559 4352 1609 4411 pst
1618 4328 1768 4411 statutum
1782 4333 1923 4411 ostresele

453 4435 534 4525 adigi
551 4432 593 4502 ad
608 4428 807 4524 jurandum,
835 4446 953 4516 utpote
968 4423 1057 4516 quod
1075 4420 1182 4490 ansam
1199 4420 1363 4509 preberet
1376 4417 1500 4489 istseslis
1519 4420 1726 4493 hominibus,
1748 4420 1921 4495 diffameti-

453 4532 482 4601 tli
497 4532 663 4604 Ordinem
681 4521 866 4593 clericalem
885 4520 924 4590 de
942 4518 1116 4613 periuriis:
1149 4518 1242 4589 valde
1262 4523 1350 4588 enirn
1376 4516 1532 4608 frequens
1552 4515 1617 4596 est,
1641 4542 1676 4587 ut
1695 4518 1820 4603 dicent,
1847 4548 1923 4617 por·

453 4627 587 4707 temfibi
604 4620 775 4699 aduersam
797 4614 976 4715 pejerasse,
999 4640 1139 4715 propter
1162 4642 1262 4713 quero
1293 4616 1641 4689 transennam-siri
1664 4640 1781 4710 graues
1808 4646 1922 4691 vesco·

761 4760 764 4767 ·
1235 4717 1256 4786 S
1284 4742 1302 4809 3
1866 4741 1922 4789 tur
