<?xml version="1.0" encoding="UTF-8"?>
<!DOCTYPE html PUBLIC "-//W3C//DTD XHTML 1.0 Transitional//EN"
    "http://www.w3.org/TR/xhtml1/DTD/xhtml1-transitional.dtd">
<html xmlns="http://www.w3.org/1999/xhtml" xml:lang="en" lang="en">
 <head>
  <title>
</title>
<meta http-equiv="Content-Type" content="text/html;charset=utf-8" />
  <meta name='ocr-system' content='tesseract 3.04.00' />
  <meta name='ocr-capabilities' content='ocr_page ocr_carea ocr_par ocr_line ocrx_word'/>
</head>
<body>
  <div class='ocr_page' id='page_1' title='image "./thesavrvsivrise03schmgoog_0358.png"; bbox 0 0 4784 5550; ppageno 0'>
   <div class='ocr_carea' id='block_1_1' title="bbox 448 591 1480 708">
    <p class='ocr_par' dir='ltr' id='par_1_1' title="bbox 448 591 1480 708">
     <span class='ocr_line' id='line_1_1' title="bbox 448 591 1480 708; baseline -0.009 -29"><span class='ocrx_word' id='word_1_1' title='bbox 448 627 523 708; x_wconf 77' lang='lat'>340</span> <span class='ocrx_word' id='word_1_2' title='bbox 903 591 1480 676; x_wconf 82' lang='lat' dir='ltr'>DISSERTATIO</span> 
     </span>
    </p>
   </div>
   <div class='ocr_carea' id='block_1_2' title="bbox 449 763 1944 1560">
    <p class='ocr_par' dir='ltr' id='par_1_2' title="bbox 449 763 1944 1560">
     <span class='ocr_line' id='line_1_2' title="bbox 568 763 1944 874; baseline -0.005 -16"><span class='ocrx_word' id='word_1_3' title='bbox 568 783 623 858; x_wconf 84' lang='lat' dir='ltr'>Ad</span> <span class='ocrx_word' id='word_1_4' title='bbox 637 781 718 860; x_wconf 90' lang='lat' dir='ltr'>Vll.</span> <span class='ocrx_word' id='word_1_5' title='bbox 745 775 864 852; x_wconf 78' lang='lat' dir='ltr'>Adlatt</span> <span class='ocrx_word' id='word_1_6' title='bbox 881 774 1032 874; x_wconf 88' lang='lat' dir='ltr'>superius</span> <span class='ocrx_word' id='word_1_7' title='bbox 1052 775 1107 850; x_wconf 86' lang='lat' dir='ltr'>lut</span> <span class='ocrx_word' id='word_1_8' title='bbox 1122 777 1324 851; x_wconf 82' lang='lat' dir='ltr'>evidenstot</span> <span class='ocrx_word' id='word_1_9' title='bbox 1341 781 1617 868; x_wconf 76' lang='lat' dir='ltr'>argumentorum</span> <span class='ocrx_word' id='word_1_10' title='bbox 1634 795 1674 846; x_wconf 81' lang='lat' dir='ltr'>er</span> <span class='ocrx_word' id='word_1_11' title='bbox 1688 763 1944 872; x_wconf 72' lang='lat' dir='ltr'>Jureeottttttttt¹</span> 
     </span>
     <span class='ocr_line' id='line_1_3' title="bbox 451 867 1930 980; baseline -0.01 -21"><span class='ocrx_word' id='word_1_12' title='bbox 451 887 487 960; x_wconf 87' lang='lat' dir='ltr'>rti</span> <span class='ocrx_word' id='word_1_13' title='bbox 502 906 597 980; x_wconf 77' lang='lat' dir='ltr'>aque</span> <span class='ocrx_word' id='word_1_14' title='bbox 612 905 648 952; x_wconf 89' lang='lat' dir='ltr'>ac</span> <span class='ocrx_word' id='word_1_15' title='bbox 665 874 841 949; x_wconf 80' lang='lat' dir='ltr'>domestica</span> <span class='ocrx_word' id='word_1_16' title='bbox 858 881 996 949; x_wconf 89' lang='lat' dir='ltr'>Precum</span> <span class='ocrx_word' id='word_1_17' title='bbox 1010 880 1250 972; x_wconf 86' lang='lat' dir='ltr'>primariarum</span> <span class='ocrx_word' id='word_1_18' title='bbox 1265 899 1352 970; x_wconf 88' lang='lat' dir='ltr'>penu</span> <span class='ocrx_word' id='word_1_19' title='bbox 1362 877 1644 970; x_wconf 87' lang='lat' dir='ltr'>deprompturum</span> <span class='ocrx_word' id='word_1_20' title='bbox 1657 867 1845 968; x_wconf 77' lang='lat' dir='ltr'>plenissime</span> <span class='ocrx_word' id='word_1_21' title='bbox 1859 895 1930 944; x_wconf 86' lang='lat' dir='ltr'>eon·</span> 
     </span>
     <span class='ocr_line' id='line_1_4' title="bbox 451 969 1930 1080; baseline -0.011 -22"><span class='ocrx_word' id='word_1_22' title='bbox 451 987 576 1064; x_wconf 81' lang='lat' dir='ltr'>vincit,</span> <span class='ocrx_word' id='word_1_23' title='bbox 605 972 937 1069; x_wconf 78' lang='lat' dir='ltr'>circumspcllionem</span> <span class='ocrx_word' id='word_1_24' title='bbox 960 974 1070 1057; x_wconf 88' lang='lat' dir='ltr'>tllam,</span> <span class='ocrx_word' id='word_1_25' title='bbox 1101 998 1166 1069; x_wconf 89' lang='lat' dir='ltr'>qua</span> <span class='ocrx_word' id='word_1_26' title='bbox 1191 969 1473 1080; x_wconf 73' lang='lat' dir='ltr'>Reverendiffinta</span> <span class='ocrx_word' id='word_1_27' title='bbox 1498 970 1654 1067; x_wconf 84' lang='lat' dir='ltr'>capitula</span> <span class='ocrx_word' id='word_1_28' title='bbox 1677 994 1734 1042; x_wconf 87' lang='lat' dir='ltr'>aut</span> <span class='ocrx_word' id='word_1_29' title='bbox 1757 969 1930 1042; x_wconf 87' lang='lat' dir='ltr'>Ordioarii</span> 
     </span>
     <span class='ocr_line' id='line_1_5' title="bbox 451 1065 1930 1254; baseline -0.011 -2"><span class='ocrx_word' id='word_1_30' title='bbox 451 1069 1517 1254; x_wconf 61' lang='lat' dir='ltr'>ssltltsttfsttttt‘tttt‘st‘tst‘ttttststls?</span> <span class='ocrx_word' id='word_1_31' title='bbox 1537 1065 1930 1238; x_wconf 63' lang='lat' dir='ltr'>stisttststsst</span> 
     </span>
     <span class='ocr_line' id='line_1_6' title="bbox 449 1261 1930 1360; baseline -0.01 -13"><span class='ocrx_word' id='word_1_32' title='bbox 449 1265 586 1352; x_wconf 76' lang='lat' dir='ltr'>edutelae</span> <span class='ocrx_word' id='word_1_33' title='bbox 605 1265 689 1348; x_wconf 86' lang='lat' dir='ltr'>else,</span> <span class='ocrx_word' id='word_1_34' title='bbox 722 1266 826 1337; x_wconf 82' lang='lat' dir='ltr'>&amp;vel</span> <span class='ocrx_word' id='word_1_35' title='bbox 852 1264 1013 1356; x_wconf 83' lang='lat' dir='ltr'>religiosae</span> <span class='ocrx_word' id='word_1_36' title='bbox 1035 1269 1134 1335; x_wconf 86' lang='lat' dir='ltr'>nimis</span> <span class='ocrx_word' id='word_1_37' title='bbox 1160 1270 1192 1335; x_wconf 92' lang='lat' dir='ltr'>in</span> <span class='ocrx_word' id='word_1_38' title='bbox 1216 1264 1324 1360; x_wconf 91' lang='lat' dir='ltr'>ipsum</span> <span class='ocrx_word' id='word_1_39' title='bbox 1348 1261 1619 1355; x_wconf 77' lang='lat' dir='ltr'>Angustissimum</span> <span class='ocrx_word' id='word_1_40' title='bbox 1645 1261 1834 1343; x_wconf 81' lang='lat' dir='ltr'>Cursarem,</span> <span class='ocrx_word' id='word_1_41' title='bbox 1866 1285 1930 1334; x_wconf 86' lang='lat' dir='ltr'>tau·</span> 
     </span>
     <span class='ocr_line' id='line_1_7' title="bbox 451 1361 1928 1471; baseline -0.009 -28"><span class='ocrx_word' id='word_1_42' title='bbox 451 1393 553 1471; x_wconf 84' lang='lat' dir='ltr'>quant</span> <span class='ocrx_word' id='word_1_43' title='bbox 578 1369 784 1440; x_wconf 75' lang='lat' dir='ltr'><strong>Advocatum</strong></span> <span class='ocrx_word' id='word_1_44' title='bbox 813 1363 1092 1435; x_wconf 74' lang='lat' dir='ltr'>&amp;Proteslorem</span> <span class='ocrx_word' id='word_1_45' title='bbox 1112 1361 1323 1456; x_wconf 89' lang='lat' dir='ltr'>supremum,</span> <span class='ocrx_word' id='word_1_46' title='bbox 1359 1365 1496 1457; x_wconf 85' lang='lat' dir='ltr'>pietati,</span> <span class='ocrx_word' id='word_1_47' title='bbox 1530 1363 1582 1435; x_wconf 87' lang='lat' dir='ltr'>vel</span> <span class='ocrx_word' id='word_1_48' title='bbox 1602 1365 1791 1434; x_wconf 80' lang='lat' dir='ltr'>inveterato</span> <span class='ocrx_word' id='word_1_49' title='bbox 1817 1363 1928 1456; x_wconf 84' lang='lat' dir='ltr'>panico</span> 
     </span>
     <span class='ocr_line' id='line_1_8' title="bbox 451 1455 1928 1560; baseline -0.007 -20"><span class='ocrx_word' id='word_1_50' title='bbox 451 1465 695 1560; x_wconf 74' lang='lat' dir='ltr'>indignationis</span> <span class='ocrx_word' id='word_1_51' title='bbox 714 1459 864 1554; x_wconf 80' lang='lat' dir='ltr'>ejusdem</span> <span class='ocrx_word' id='word_1_52' title='bbox 888 1463 1011 1543; x_wconf 89' lang='lat' dir='ltr'>metui,</span> <span class='ocrx_word' id='word_1_53' title='bbox 1043 1462 1093 1531; x_wconf 87' lang='lat' dir='ltr'>vel</span> <span class='ocrx_word' id='word_1_54' title='bbox 1119 1456 1233 1530; x_wconf 89' lang='lat' dir='ltr'>sedulo</span> <span class='ocrx_word' id='word_1_55' title='bbox 1250 1460 1345 1541; x_wconf 86' lang='lat' dir='ltr'>lites,</span> <span class='ocrx_word' id='word_1_56' title='bbox 1377 1459 1650 1556; x_wconf 81' lang='lat' dir='ltr'>undecunque&amp;</span> <span class='ocrx_word' id='word_1_57' title='bbox 1670 1455 1873 1554; x_wconf 77' lang='lat' dir='ltr'>quecunque</span> <span class='ocrx_word' id='word_1_58' title='bbox 1895 1479 1928 1530; x_wconf 83' lang='lat' dir='ltr'>et</span> 
     </span>
    </p>
   </div>
   <div class='ocr_carea' id='block_1_3' title="bbox 336 1553 1929 1655">
    <p class='ocr_par' dir='ltr' id='par_1_3' title="bbox 336 1553 1929 1655">
     <span class='ocr_line' id='line_1_9' title="bbox 336 1553 1929 1655; baseline -0.011 -14"><span class='ocrx_word' id='word_1_59' title='bbox 336 1571 338 1576; x_wconf 82' lang='grc'><strong>’</strong></span> <span class='ocrx_word' id='word_1_60' title='bbox 454 1565 619 1642; x_wconf 84' lang='lat' dir='ltr'>calumnia</span> <span class='ocrx_word' id='word_1_61' title='bbox 634 1560 686 1630; x_wconf 79' lang='lat' dir='ltr'>rel</span> <span class='ocrx_word' id='word_1_62' title='bbox 701 1561 907 1640; x_wconf 87' lang='lat' dir='ltr'>temeritate,</span> <span class='ocrx_word' id='word_1_63' title='bbox 934 1557 984 1629; x_wconf 84' lang='lat' dir='ltr'>vel</span> <span class='ocrx_word' id='word_1_64' title='bbox 1003 1557 1209 1629; x_wconf 87' lang='lat' dir='ltr'>constderato</span> <span class='ocrx_word' id='word_1_65' title='bbox 1229 1553 1552 1655; x_wconf 88' lang='lat' dir='ltr'>Jurisconsultotum</span> <span class='ocrx_word' id='word_1_66' title='bbox 1573 1555 1787 1652; x_wconf 84' lang='lat' dir='ltr'>quorundam</span> <span class='ocrx_word' id='word_1_67' title='bbox 1803 1579 1869 1626; x_wconf 91' lang='lat' dir='ltr'>non</span> <span class='ocrx_word' id='word_1_68' title='bbox 1890 1555 1929 1624; x_wconf 87' lang='lat' dir='ltr'>iu·</span> 
     </span>
    </p>
   </div>
   <div class='ocr_carea' id='block_1_4' title="bbox 453 1649 1932 2541">
    <p class='ocr_par' dir='ltr' id='par_1_4' title="bbox 453 1649 1932 2541">
     <span class='ocr_line' id='line_1_10' title="bbox 454 1649 1930 1750; baseline -0.008 -17"><span class='ocrx_word' id='word_1_69' title='bbox 454 1663 527 1739; x_wconf 78' lang='lat' dir='ltr'>fimi</span> <span class='ocrx_word' id='word_1_70' title='bbox 551 1657 692 1733; x_wconf 88' lang='lat' dir='ltr'>subsellii</span> <span class='ocrx_word' id='word_1_71' title='bbox 712 1653 866 1736; x_wconf 85' lang='lat' dir='ltr'>adsensu,</span> <span class='ocrx_word' id='word_1_72' title='bbox 893 1652 1070 1728; x_wconf 83' lang='lat' dir='ltr'>nascituras</span> <span class='ocrx_word' id='word_1_73' title='bbox 1093 1655 1238 1727; x_wconf 84' lang='lat' dir='ltr'>evitandi</span> <span class='ocrx_word' id='word_1_74' title='bbox 1257 1680 1293 1726; x_wconf 84' lang='lat' dir='ltr'>ee</span> <span class='ocrx_word' id='word_1_75' title='bbox 1314 1653 1428 1725; x_wconf 85' lang='lat' dir='ltr'>saltem</span> <span class='ocrx_word' id='word_1_76' title='bbox 1451 1679 1565 1726; x_wconf 85' lang='lat' dir='ltr'>earum</span> <span class='ocrx_word' id='word_1_77' title='bbox 1587 1651 1665 1726; x_wconf 84' lang='lat' dir='ltr'>satis</span> <span class='ocrx_word' id='word_1_78' title='bbox 1687 1677 1724 1726; x_wconf 84' lang='lat' dir='ltr'>ee</span> <span class='ocrx_word' id='word_1_79' title='bbox 1750 1649 1930 1750; x_wconf 84' lang='lat' dir='ltr'>sumptibus</span> 
     </span>
     <span class='ocr_line' id='line_1_11' title="bbox 453 1747 1932 1860; baseline -0.005 -31"><span class='ocrx_word' id='word_1_80' title='bbox 453 1762 591 1860; x_wconf 85' lang='lat' dir='ltr'>penitus</span> <span class='ocrx_word' id='word_1_81' title='bbox 613 1754 647 1829; x_wconf 88' lang='lat' dir='ltr'>se</span> <span class='ocrx_word' id='word_1_82' title='bbox 664 1752 845 1825; x_wconf 84' lang='lat' dir='ltr'>eliberandi</span> <span class='ocrx_word' id='word_1_83' title='bbox 868 1749 995 1836; x_wconf 79' lang='lat' dir='ltr'>fludio,</span> <span class='ocrx_word' id='word_1_84' title='bbox 1028 1775 1084 1823; x_wconf 89' lang='lat' dir='ltr'>aut</span> <span class='ocrx_word' id='word_1_85' title='bbox 1108 1755 1244 1847; x_wconf 79' lang='lat' dir='ltr'>privatae</span> <span class='ocrx_word' id='word_1_86' title='bbox 1262 1748 1415 1826; x_wconf 86' lang='lat' dir='ltr'>futurum</span> <span class='ocrx_word' id='word_1_87' title='bbox 1436 1751 1599 1846; x_wconf 78' lang='lat' dir='ltr'>cujusque</span> <span class='ocrx_word' id='word_1_88' title='bbox 1618 1773 1756 1822; x_wconf 88' lang='lat' dir='ltr'>turnum</span> <span class='ocrx_word' id='word_1_89' title='bbox 1775 1747 1819 1826; x_wconf 74' lang='lat' dir='ltr'>eb</span> <span class='ocrx_word' id='word_1_90' title='bbox 1835 1771 1932 1822; x_wconf 85' lang='lat' dir='ltr'>onere</span> 
     </span>
     <span class='ocr_line' id='line_1_12' title="bbox 455 1847 1932 1945; baseline -0.01 -12"><span class='ocrx_word' id='word_1_91' title='bbox 455 1863 598 1933; x_wconf 85' lang='lat' dir='ltr'>Ptceum</span> <span class='ocrx_word' id='word_1_92' title='bbox 626 1850 769 1922; x_wconf 89' lang='lat' dir='ltr'>liberum</span> <span class='ocrx_word' id='word_1_93' title='bbox 795 1852 1045 1945; x_wconf 88' lang='lat' dir='ltr'>immunemque</span> <span class='ocrx_word' id='word_1_94' title='bbox 1070 1850 1211 1920; x_wconf 85' lang='lat' dir='ltr'>habendi</span> <span class='ocrx_word' id='word_1_95' title='bbox 1230 1849 1405 1944; x_wconf 76' lang='lat' dir='ltr'>cupiditati</span> <span class='ocrx_word' id='word_1_96' title='bbox 1431 1849 1572 1920; x_wconf 78' lang='lat' dir='ltr'>adscribi</span> <span class='ocrx_word' id='word_1_97' title='bbox 1595 1847 1738 1928; x_wconf 86' lang='lat' dir='ltr'>debere,</span> <span class='ocrx_word' id='word_1_98' title='bbox 1771 1871 1847 1942; x_wconf 75' lang='lat' dir='ltr'>que</span> <span class='ocrx_word' id='word_1_99' title='bbox 1863 1869 1932 1941; x_wconf 87' lang='lat' dir='ltr'>pto·</span> 
     </span>
     <span class='ocr_line' id='line_1_13' title="bbox 455 1946 1932 2056; baseline -0.006 -29"><span class='ocrx_word' id='word_1_100' title='bbox 455 1975 573 2056; x_wconf 80' lang='lat' dir='ltr'>pterea</span> <span class='ocrx_word' id='word_1_101' title='bbox 594 1952 670 2022; x_wconf 87' lang='lat' dir='ltr'>novi</span> <span class='ocrx_word' id='word_1_102' title='bbox 683 1948 766 2042; x_wconf 84' lang='lat' dir='ltr'>juria</span> <span class='ocrx_word' id='word_1_103' title='bbox 783 1948 956 2041; x_wconf 75' lang='lat' dir='ltr'>quidpiam</span> <span class='ocrx_word' id='word_1_104' title='bbox 973 1947 1152 2028; x_wconf 87' lang='lat' dir='ltr'>inducere,</span> <span class='ocrx_word' id='word_1_105' title='bbox 1177 1970 1234 2017; x_wconf 84' lang='lat' dir='ltr'>aut</span> <span class='ocrx_word' id='word_1_106' title='bbox 1255 1947 1389 2042; x_wconf 88' lang='lat' dir='ltr'>aliquod</span> <span class='ocrx_word' id='word_1_107' title='bbox 1404 1949 1444 2016; x_wconf 89' lang='lat' dir='ltr'>iis</span> <span class='ocrx_word' id='word_1_108' title='bbox 1462 1946 1693 2041; x_wconf 73' lang='lat' dir='ltr'>prejudicium</span> <span class='ocrx_word' id='word_1_109' title='bbox 1712 1949 1868 2038; x_wconf 79' lang='lat' dir='ltr'>irrogare</span> <span class='ocrx_word' id='word_1_110' title='bbox 1884 1967 1932 2018; x_wconf 90' lang='lat' dir='ltr'>ne·</span> 
     </span>
     <span class='ocr_line' id='line_1_14' title="bbox 457 2039 1932 2150; baseline -0.008 -24"><span class='ocrx_word' id='word_1_111' title='bbox 457 2072 604 2150; x_wconf 87' lang='lat' dir='ltr'>queunt,</span> <span class='ocrx_word' id='word_1_112' title='bbox 627 2047 719 2143; x_wconf 80' lang='lat' dir='ltr'>&#39;juxte</span> <span class='ocrx_word' id='word_1_113' title='bbox 741 2067 853 2114; x_wconf 87' lang='lat' dir='ltr'>trttsm</span> <span class='ocrx_word' id='word_1_114' title='bbox 873 2047 964 2116; x_wconf 86' lang='lat' dir='ltr'>illam</span> <span class='ocrx_word' id='word_1_115' title='bbox 988 2043 1160 2138; x_wconf 84' lang='lat' dir='ltr'>vulgarem</span> <span class='ocrx_word' id='word_1_116' title='bbox 1185 2047 1410 2140; x_wconf 70' lang='lat' dir='ltr'>paroemiam,</span> <span class='ocrx_word' id='word_1_117' title='bbox 1435 2043 1527 2139; x_wconf 89' lang='lat' dir='ltr'>quod</span> <span class='ocrx_word' id='word_1_118' title='bbox 1545 2041 1716 2115; x_wconf 82' lang='lat' dir='ltr'>abundant</span> <span class='ocrx_word' id='word_1_119' title='bbox 1737 2039 1867 2115; x_wconf 84' lang='lat' dir='ltr'>cautela</span> <span class='ocrx_word' id='word_1_120' title='bbox 1885 2063 1932 2114; x_wconf 88' lang='lat' dir='ltr'>ue·</span> 
     </span>
     <span class='ocr_line' id='line_1_15' title="bbox 455 2137 1931 2240; baseline -0.01 -17"><span class='ocrx_word' id='word_1_121' title='bbox 455 2151 542 2223; x_wconf 90' lang='lat' dir='ltr'>mini</span> <span class='ocrx_word' id='word_1_122' title='bbox 557 2171 618 2218; x_wconf 88' lang='lat' dir='ltr'>noc</span> <span class='ocrx_word' id='word_1_123' title='bbox 645 2165 758 2213; x_wconf 86' lang='lat' dir='ltr'>mento</span> <span class='ocrx_word' id='word_1_124' title='bbox 775 2139 963 2240; x_wconf 87' lang='lat' dir='ltr'>damnaque</span> <span class='ocrx_word' id='word_1_125' title='bbox 981 2137 1043 2214; x_wconf 86' lang='lat' dir='ltr'>esse</span> <span class='ocrx_word' id='word_1_126' title='bbox 1060 2142 1200 2221; x_wconf 86' lang='lat' dir='ltr'>debeat,</span> <span class='ocrx_word' id='word_1_127' title='bbox 1225 2142 1327 2236; x_wconf 88' lang='lat' dir='ltr'>idque</span> <span class='ocrx_word' id='word_1_128' title='bbox 1343 2167 1384 2214; x_wconf 89' lang='lat' dir='ltr'>co</span> <span class='ocrx_word' id='word_1_129' title='bbox 1406 2145 1535 2224; x_wconf 88' lang='lat' dir='ltr'>minus,</span> <span class='ocrx_word' id='word_1_130' title='bbox 1562 2141 1653 2238; x_wconf 89' lang='lat' dir='ltr'>quod</span> <span class='ocrx_word' id='word_1_131' title='bbox 1671 2139 1704 2212; x_wconf 79' lang='lat' dir='ltr'>dt</span> <span class='ocrx_word' id='word_1_132' title='bbox 1720 2143 1756 2210; x_wconf 88' lang='lat' dir='ltr'>in</span> <span class='ocrx_word' id='word_1_133' title='bbox 1775 2139 1850 2210; x_wconf 81' lang='lat' dir='ltr'>aliia</span> <span class='ocrx_word' id='word_1_134' title='bbox 1865 2161 1931 2211; x_wconf 90' lang='lat' dir='ltr'>om·</span> 
     </span>
     <span class='ocr_line' id='line_1_16' title="bbox 455 2169 1931 2334; baseline -0.007 -16"><span class='ocrx_word' id='word_1_135' title='bbox 455 2247 554 2319; x_wconf 86' lang='lat' dir='ltr'>nibus</span> <span class='ocrx_word' id='word_1_136' title='bbox 578 2169 794 2316; x_wconf 71' lang='lat' dir='ltr'>collationum</span> <span class='ocrx_word' id='word_1_137' title='bbox 818 2237 942 2310; x_wconf 88' lang='lat' dir='ltr'>talibus</span> <span class='ocrx_word' id='word_1_138' title='bbox 967 2239 1117 2309; x_wconf 86' lang='lat' dir='ltr'>usttat&#39;um</span> <span class='ocrx_word' id='word_1_139' title='bbox 1140 2235 1203 2308; x_wconf 87' lang='lat' dir='ltr'>else</span> <span class='ocrx_word' id='word_1_140' title='bbox 1223 2237 1342 2320; x_wconf 87' lang='lat' dir='ltr'>soleat,</span> <span class='ocrx_word' id='word_1_141' title='bbox 1377 2264 1395 2309; x_wconf 84' lang='lat' dir='ltr'>e</span> <span class='ocrx_word' id='word_1_142' title='bbox 1420 2237 1682 2334; x_wconf 82' lang='lat' dir='ltr'>providendo&amp;</span> <span class='ocrx_word' id='word_1_143' title='bbox 1705 2241 1740 2310; x_wconf 91' lang='lat' dir='ltr'>in</span> <span class='ocrx_word' id='word_1_144' title='bbox 1761 2255 1931 2308; x_wconf 78' lang='lat' dir='ltr'>nanterum</span> 
     </span>
     <span class='ocr_line' id='line_1_17' title="bbox 458 2335 1931 2436; baseline -0.006 -20"><span class='ocrx_word' id='word_1_145' title='bbox 458 2345 705 2416; x_wconf 86' lang='lat' dir='ltr'>Canonicorum</span> <span class='ocrx_word' id='word_1_146' title='bbox 735 2336 929 2433; x_wconf 89' lang='lat' dir='ltr'>recipiendo</span> <span class='ocrx_word' id='word_1_147' title='bbox 954 2342 1047 2431; x_wconf 91' lang='lat' dir='ltr'>ptius</span> <span class='ocrx_word' id='word_1_148' title='bbox 1076 2339 1263 2406; x_wconf 84' lang='lat' dir='ltr'>cautionem</span> <span class='ocrx_word' id='word_1_149' title='bbox 1299 2339 1340 2408; x_wconf 88' lang='lat' dir='ltr'>de</span> <span class='ocrx_word' id='word_1_150' title='bbox 1366 2337 1586 2414; x_wconf 67' lang='lat' dir='ltr'>indemnitate</span> <span class='ocrx_word' id='word_1_151' title='bbox 1611 2335 1763 2436; x_wconf 76' lang='lat' dir='ltr'>Capituli</span> <span class='ocrx_word' id='word_1_152' title='bbox 1788 2337 1931 2430; x_wconf 75' lang='lat' dir='ltr'>exigere,</span> 
     </span>
     <span class='ocr_line' id='line_1_18' title="bbox 458 2427 1383 2541; baseline -0.01 -25"><span class='ocrx_word' id='word_1_153' title='bbox 458 2464 563 2541; x_wconf 80' lang='lat' dir='ltr'>quant</span> <span class='ocrx_word' id='word_1_154' title='bbox 587 2438 670 2512; x_wconf 81' lang='lat' dir='ltr'>datia</span> <span class='ocrx_word' id='word_1_155' title='bbox 686 2433 770 2510; x_wconf 86' lang='lat' dir='ltr'>adeo</span> <span class='ocrx_word' id='word_1_156' title='bbox 783 2427 1026 2530; x_wconf 83' lang='lat' dir='ltr'>fidejussoribus</span> <span class='ocrx_word' id='word_1_157' title='bbox 1042 2431 1200 2532; x_wconf 77' lang='lat' dir='ltr'>pressare</span> <span class='ocrx_word' id='word_1_158' title='bbox 1215 2457 1383 2518; x_wconf 86' lang='lat' dir='ltr'>tenentur,</span> 
     </span>
    </p>
   </div>
   <div class='ocr_carea' id='block_1_5' title="bbox 1053 2611 1348 2762">
    <p class='ocr_par' dir='ltr' id='par_1_5' title="bbox 1053 2611 1348 2762">
     <span class='ocr_line' id='line_1_19' title="bbox 1053 2611 1348 2762; baseline -0.007 -19"><span class='ocrx_word' id='word_1_159' title='bbox 1053 2611 1348 2762; x_wconf 71' lang='lat' dir='ltr'>§.xxvnt</span> 
     </span>
    </p>
   </div>
   <div class='ocr_carea' id='block_1_6' title="bbox 460 2828 1977 4777">
    <p class='ocr_par' dir='ltr' id='par_1_6' title="bbox 576 2828 1977 2933">
     <span class='ocr_line' id='line_1_20' title="bbox 576 2828 1977 2933; baseline -0.006 -21"><span class='ocrx_word' id='word_1_160' title='bbox 576 2834 756 2912; x_wconf 84' lang='lat' dir='ltr'>Coronidis</span> <span class='ocrx_word' id='word_1_161' title='bbox 773 2828 908 2910; x_wconf 86' lang='lat' dir='ltr'>demum</span> <span class='ocrx_word' id='word_1_162' title='bbox 924 2830 1000 2909; x_wconf 83' lang='lat' dir='ltr'>loco</span> <span class='ocrx_word' id='word_1_163' title='bbox 1020 2834 1137 2909; x_wconf 85' lang='lat' dir='ltr'>eadem</span> <span class='ocrx_word' id='word_1_164' title='bbox 1159 2839 1291 2933; x_wconf 81' lang='lat' dir='ltr'>previae</span> <span class='ocrx_word' id='word_1_165' title='bbox 1315 2832 1540 2911; x_wconf 81' lang='lat' dir='ltr'>insinuationis</span> <span class='ocrx_word' id='word_1_166' title='bbox 1563 2836 1693 2911; x_wconf 82' lang='lat' dir='ltr'>iterate</span> <span class='ocrx_word' id='word_1_167' title='bbox 1716 2828 1881 2910; x_wconf 84' lang='lat' dir='ltr'>necessitas</span> <span class='ocrx_word' id='word_1_168' title='bbox 1895 2829 1930 2903; x_wconf 88' lang='lat' dir='ltr'>ad</span> <span class='ocrx_word' id='word_1_169' title='bbox 1975 2906 1977 2923; x_wconf 68' lang='grc'>,</span> 
     </span>
    </p>

    <p class='ocr_par' dir='ltr' id='par_1_7' title="bbox 460 2932 1977 4569">
     <span class='ocr_line' id='line_1_21' title="bbox 461 2932 1977 3031; baseline -0.008 -18"><span class='ocrx_word' id='word_1_170' title='bbox 461 2959 539 3013; x_wconf 88' lang='lat' dir='ltr'>eum</span> <span class='ocrx_word' id='word_1_171' title='bbox 556 2934 664 3009; x_wconf 87' lang='lat' dir='ltr'>casum</span> <span class='ocrx_word' id='word_1_172' title='bbox 677 2936 883 3017; x_wconf 75' lang='lat' dir='ltr'>extenditur,</span> <span class='ocrx_word' id='word_1_173' title='bbox 910 2961 978 3031; x_wconf 92' lang='lat' dir='ltr'>quo</span> <span class='ocrx_word' id='word_1_174' title='bbox 996 2940 1112 3007; x_wconf 77' lang='lat' dir='ltr'>Preces</span> <span class='ocrx_word' id='word_1_175' title='bbox 1130 2934 1285 3009; x_wconf 78' lang='lat' dir='ltr'>Cesarett</span> <span class='ocrx_word' id='word_1_176' title='bbox 1304 2936 1344 3009; x_wconf 90' lang='lat' dir='ltr'>ab</span> <span class='ocrx_word' id='word_1_177' title='bbox 1362 2963 1429 3007; x_wconf 92' lang='lat' dir='ltr'>uno</span> <span class='ocrx_word' id='word_1_178' title='bbox 1445 2941 1614 3009; x_wconf 89' lang='lat' dir='ltr'>nominato</span> <span class='ocrx_word' id='word_1_179' title='bbox 1631 2934 1771 3009; x_wconf 84' lang='lat' dir='ltr'>Precislr</span> <span class='ocrx_word' id='word_1_180' title='bbox 1787 2938 1821 3005; x_wconf 90' lang='lat' dir='ltr'>io</span> <span class='ocrx_word' id='word_1_181' title='bbox 1836 2932 1930 3003; x_wconf 87' lang='lat' dir='ltr'>alium</span> <span class='ocrx_word' id='word_1_182' title='bbox 1975 2964 1977 3013; x_wconf 56' lang='grc' dir='ltr'><strong>ξ</strong></span> 
     </span>
     <span class='ocr_line' id='line_1_22' title="bbox 460 3030 1931 3130; baseline -0.008 -21"><span class='ocrx_word' id='word_1_183' title='bbox 460 3032 551 3110; x_wconf 76' lang='lat' dir='ltr'>celse</span> <span class='ocrx_word' id='word_1_184' title='bbox 573 3033 719 3115; x_wconf 87' lang='lat' dir='ltr'>suerint,</span> <span class='ocrx_word' id='word_1_185' title='bbox 752 3036 902 3129; x_wconf 82' lang='lat' dir='ltr'>quamtis</span> <span class='ocrx_word' id='word_1_186' title='bbox 928 3036 1023 3129; x_wconf 89' lang='lat' dir='ltr'>prior</span> <span class='ocrx_word' id='word_1_187' title='bbox 1046 3030 1101 3104; x_wconf 87' lang='lat' dir='ltr'>sua</span> <span class='ocrx_word' id='word_1_188' title='bbox 1119 3057 1157 3105; x_wconf 86' lang='lat' dir='ltr'>ex</span> <span class='ocrx_word' id='word_1_189' title='bbox 1178 3056 1272 3129; x_wconf 88' lang='lat' dir='ltr'>parte</span> <span class='ocrx_word' id='word_1_190' title='bbox 1291 3032 1384 3105; x_wconf 90' lang='lat' dir='ltr'>suum</span> <span class='ocrx_word' id='word_1_191' title='bbox 1407 3035 1569 3130; x_wconf 90' lang='lat' dir='ltr'>Diploma</span> <span class='ocrx_word' id='word_1_192' title='bbox 1590 3038 1729 3105; x_wconf 84' lang='lat' dir='ltr'>Precum</span> <span class='ocrx_word' id='word_1_193' title='bbox 1750 3032 1819 3128; x_wconf 81' lang='lat' dir='ltr'>jem</span> <span class='ocrx_word' id='word_1_194' title='bbox 1844 3048 1931 3100; x_wconf 86' lang='lat' dir='ltr'>antee</span> 
     </span>
     <span class='ocr_line' id='line_1_23' title="bbox 464 3123 1930 3227; baseline -0.006 -23"><span class='ocrx_word' id='word_1_195' title='bbox 464 3132 648 3205; x_wconf 86' lang='lat' dir='ltr'>Ordinatio</span> <span class='ocrx_word' id='word_1_196' title='bbox 677 3131 838 3201; x_wconf 86' lang='lat' dir='ltr'>Collatoti</span> <span class='ocrx_word' id='word_1_197' title='bbox 862 3124 1057 3203; x_wconf 78' lang='lat' dir='ltr'>insinuasset.</span> <span class='ocrx_word' id='word_1_198' title='bbox 1105 3140 1219 3227; x_wconf 83' lang='lat' dir='ltr'>Atque</span> <span class='ocrx_word' id='word_1_199' title='bbox 1241 3133 1329 3202; x_wconf 88' lang='lat' dir='ltr'>hunc</span> <span class='ocrx_word' id='word_1_200' title='bbox 1358 3134 1392 3200; x_wconf 91' lang='lat' dir='ltr'>in</span> <span class='ocrx_word' id='word_1_201' title='bbox 1418 3130 1517 3204; x_wconf 83' lang='lat' dir='ltr'>linem</span> <span class='ocrx_word' id='word_1_202' title='bbox 1539 3129 1609 3227; x_wconf 82' lang='lat' dir='ltr'>ipsu</span> <span class='ocrx_word' id='word_1_203' title='bbox 1633 3136 1751 3203; x_wconf 82' lang='lat' dir='ltr'>Preces</span> <span class='ocrx_word' id='word_1_204' title='bbox 1775 3123 1930 3224; x_wconf 84' lang='lat' dir='ltr'>ejusmodi</span> 
     </span>
     <span class='ocr_line' id='line_1_24' title="bbox 465 3223 1930 3305; baseline -0.004 -5"><span class='ocrx_word' id='word_1_205' title='bbox 465 3226 629 3300; x_wconf 69' lang='lat' dir='ltr'>Caesareas</span> <span class='ocrx_word' id='word_1_206' title='bbox 647 3227 743 3296; x_wconf 84' lang='lat' dir='ltr'>alteri</span> <span class='ocrx_word' id='word_1_207' title='bbox 760 3226 896 3297; x_wconf 88' lang='lat' dir='ltr'>cedendi</span> <span class='ocrx_word' id='word_1_208' title='bbox 918 3223 1054 3297; x_wconf 84' lang='lat' dir='ltr'>facultas</span> <span class='ocrx_word' id='word_1_209' title='bbox 1070 3226 1167 3297; x_wconf 85' lang='lat' dir='ltr'>altius</span> <span class='ocrx_word' id='word_1_210' title='bbox 1186 3226 1303 3299; x_wconf 86' lang='lat' dir='ltr'>discuti</span> <span class='ocrx_word' id='word_1_211' title='bbox 1320 3252 1481 3305; x_wconf 85' lang='lat' dir='ltr'>meretur.</span> <span class='ocrx_word' id='word_1_212' title='bbox 1530 3235 1614 3299; x_wconf 90' lang='lat' dir='ltr'>Non</span> <span class='ocrx_word' id='word_1_213' title='bbox 1628 3231 1717 3300; x_wconf 90' lang='lat' dir='ltr'>enim</span> <span class='ocrx_word' id='word_1_214' title='bbox 1734 3227 1790 3298; x_wconf 85' lang='lat' dir='ltr'>illa</span> <span class='ocrx_word' id='word_1_215' title='bbox 1805 3250 1870 3298; x_wconf 88' lang='lat' dir='ltr'>tam</span> <span class='ocrx_word' id='word_1_216' title='bbox 1886 3246 1930 3294; x_wconf 81' lang='lat' dir='ltr'>ex·</span> 
     </span>
     <span class='ocr_line' id='line_1_25' title="bbox 463 3317 1928 3423; baseline -0.003 -26"><span class='ocrx_word' id='word_1_217' title='bbox 463 3326 577 3423; x_wconf 76' lang='lat' dir='ltr'>pedite</span> <span class='ocrx_word' id='word_1_218' title='bbox 594 3322 749 3395; x_wconf 87' lang='lat' dir='ltr'>omnibus</span> <span class='ocrx_word' id='word_1_219' title='bbox 767 3317 970 3393; x_wconf 69' lang='lat' dir='ltr'>Dossotibus</span> <span class='ocrx_word' id='word_1_220' title='bbox 986 3323 1137 3405; x_wconf 85' lang='lat' dir='ltr'>videtur,</span> <span class='ocrx_word' id='word_1_221' title='bbox 1163 3330 1245 3421; x_wconf 90' lang='lat' dir='ltr'>quin</span> <span class='ocrx_word' id='word_1_222' title='bbox 1265 3327 1363 3396; x_wconf 81' lang='lat' dir='ltr'>ttrite</span> <span class='ocrx_word' id='word_1_223' title='bbox 1379 3328 1420 3397; x_wconf 81' lang='lat' dir='ltr'>iit</span> <span class='ocrx_word' id='word_1_224' title='bbox 1440 3328 1583 3398; x_wconf 84' lang='lat' dir='ltr'>rationes</span> <span class='ocrx_word' id='word_1_225' title='bbox 1602 3328 1635 3397; x_wconf 89' lang='lat' dir='ltr'>in</span> <span class='ocrx_word' id='word_1_226' title='bbox 1651 3324 1857 3397; x_wconf 88' lang='lat' dir='ltr'>contrarium</span> <span class='ocrx_word' id='word_1_227' title='bbox 1872 3343 1928 3417; x_wconf 58' lang='lat' dir='ltr'>ope</span> 
     </span>
     <span class='ocr_line' id='line_1_26' title="bbox 461 3418 1929 3519; baseline -0.005 -24"><span class='ocrx_word' id='word_1_228' title='bbox 461 3444 643 3519; x_wconf 87' lang='lat' dir='ltr'>ponantur.</span> <span class='ocrx_word' id='word_1_229' title='bbox 695 3419 879 3492; x_wconf 89' lang='lat' dir='ltr'>Permultas</span> <span class='ocrx_word' id='word_1_230' title='bbox 905 3418 1052 3492; x_wconf 86' lang='lat' dir='ltr'>recenset</span> <span class='ocrx_word' id='word_1_231' title='bbox 1074 3424 1119 3498; x_wconf 84' lang='lat' dir='ltr'>D.</span> <span class='ocrx_word' id='word_1_232' title='bbox 1146 3429 1376 3496; x_wconf 69' lang='lat' dir='ltr'>Anotera</span> <span class='ocrx_word' id='word_1_233' title='bbox 1404 3426 1561 3495; x_wconf 72' lang='lat' dir='ltr'>littam)</span> <span class='ocrx_word' id='word_1_234' title='bbox 1585 3424 1664 3499; x_wconf 88' lang='lat' dir='ltr'>clar.</span> <span class='ocrx_word' id='word_1_235' title='bbox 1689 3446 1792 3495; x_wconf 80' lang='lat' dir='ltr'>ntem.</span> <span class='ocrx_word' id='word_1_236' title='bbox 1816 3420 1876 3516; x_wconf 82' lang='lat' dir='ltr'>a),</span> <span class='ocrx_word' id='word_1_237' title='bbox 1900 3422 1929 3488; x_wconf 85' lang='lat' dir='ltr'>in</span> 
     </span>
     <span class='ocr_line' id='line_1_27' title="bbox 464 3515 1929 3617; baseline -0.005 -26"><span class='ocrx_word' id='word_1_238' title='bbox 464 3518 585 3614; x_wconf 85' lang='lat' dir='ltr'>quibus</span> <span class='ocrx_word' id='word_1_239' title='bbox 601 3540 710 3592; x_wconf 86' lang='lat' dir='ltr'>sutem</span> <span class='ocrx_word' id='word_1_240' title='bbox 728 3520 833 3588; x_wconf 91' lang='lat' dir='ltr'>nimio</span> <span class='ocrx_word' id='word_1_241' title='bbox 850 3516 882 3588; x_wconf 80' lang='lat' dir='ltr'>dt</span> <span class='ocrx_word' id='word_1_242' title='bbox 899 3515 1177 3613; x_wconf 85' lang='lat' dir='ltr'>superabundanti</span> <span class='ocrx_word' id='word_1_243' title='bbox 1194 3518 1300 3591; x_wconf 86' lang='lat' dir='ltr'>sludio</span> <span class='ocrx_word' id='word_1_244' title='bbox 1316 3520 1565 3592; x_wconf 83' lang='lat' dir='ltr'>adcumulandis</span> <span class='ocrx_word' id='word_1_245' title='bbox 1583 3520 1654 3617; x_wconf 80' lang='lat' dir='ltr'>ejus</span> <span class='ocrx_word' id='word_1_246' title='bbox 1668 3516 1862 3591; x_wconf 84' lang='lat' dir='ltr'>indullriam</span> <span class='ocrx_word' id='word_1_247' title='bbox 1879 3538 1929 3612; x_wconf 86' lang='lat' dir='ltr'>po·</span> 
     </span>
     <span class='ocr_line' id='line_1_28' title="bbox 464 3612 1928 3707; baseline -0.005 -19"><span class='ocrx_word' id='word_1_248' title='bbox 464 3622 532 3688; x_wconf 84' lang='lat' dir='ltr'>tius</span> <span class='ocrx_word' id='word_1_249' title='bbox 550 3617 721 3707; x_wconf 83' lang='lat' dir='ltr'>redarguit</span> <span class='ocrx_word' id='word_1_250' title='bbox 745 3614 914 3686; x_wconf 89' lang='lat' dir='ltr'>Celeberr.</span> <span class='ocrx_word' id='word_1_251' title='bbox 940 3619 1192 3695; x_wconf 73' lang='lat' dir='ltr'>lcttstttTT.</span> <span class='ocrx_word' id='word_1_252' title='bbox 1211 3620 1247 3707; x_wconf 78' lang='lat' dir='ltr'>d)</span> <span class='ocrx_word' id='word_1_253' title='bbox 1269 3618 1380 3689; x_wconf 85' lang='lat' dir='ltr'>Facile</span> <span class='ocrx_word' id='word_1_254' title='bbox 1398 3621 1486 3689; x_wconf 88' lang='lat' dir='ltr'>enim</span> <span class='ocrx_word' id='word_1_255' title='bbox 1505 3622 1742 3701; x_wconf 84' lang='lat' dir='ltr'>convenimus,</span> <span class='ocrx_word' id='word_1_256' title='bbox 1767 3612 1928 3690; x_wconf 79' lang='lat' dir='ltr'>cessionem</span> 
     </span>
     <span class='ocr_line' id='line_1_29' title="bbox 464 3707 1928 3807; baseline -0.002 -24"><span class='ocrx_word' id='word_1_257' title='bbox 464 3713 629 3805; x_wconf 76' lang='lat' dir='ltr'>ejusmodi</span> <span class='ocrx_word' id='word_1_258' title='bbox 647 3717 680 3782; x_wconf 93' lang='lat' dir='ltr'>in</span> <span class='ocrx_word' id='word_1_259' title='bbox 701 3707 849 3783; x_wconf 87' lang='lat' dir='ltr'>favorem</span> <span class='ocrx_word' id='word_1_260' title='bbox 872 3711 1008 3783; x_wconf 88' lang='lat' dir='ltr'>alterius</span> <span class='ocrx_word' id='word_1_261' title='bbox 1032 3708 1173 3794; x_wconf 74' lang='lat' dir='ltr'>failam,</span> <span class='ocrx_word' id='word_1_262' title='bbox 1205 3716 1311 3784; x_wconf 84' lang='lat' dir='ltr'>inrito</span> <span class='ocrx_word' id='word_1_263' title='bbox 1334 3714 1568 3807; x_wconf 82' lang='lat' dir='ltr'>Augusliffinto</span> <span class='ocrx_word' id='word_1_264' title='bbox 1590 3714 1738 3799; x_wconf 80' lang='lat' dir='ltr'>Celare,</span> <span class='ocrx_word' id='word_1_265' title='bbox 1772 3712 1928 3788; x_wconf 83' lang='lat' dir='ltr'>efficacem</span> 
     </span>
     <span class='ocr_line' id='line_1_30' title="bbox 464 3805 1929 3910; baseline -0.005 -28"><span class='ocrx_word' id='word_1_266' title='bbox 464 3809 498 3882; x_wconf 79' lang='lat' dir='ltr'>dt</span> <span class='ocrx_word' id='word_1_267' title='bbox 516 3810 599 3879; x_wconf 87' lang='lat' dir='ltr'>adeo</span> <span class='ocrx_word' id='word_1_268' title='bbox 617 3809 758 3878; x_wconf 88' lang='lat' dir='ltr'>validam</span> <span class='ocrx_word' id='word_1_269' title='bbox 782 3805 843 3880; x_wconf 85' lang='lat' dir='ltr'>else</span> <span class='ocrx_word' id='word_1_270' title='bbox 861 3833 926 3879; x_wconf 90' lang='lat' dir='ltr'>non</span> <span class='ocrx_word' id='word_1_271' title='bbox 952 3807 1062 3904; x_wconf 83' lang='lat' dir='ltr'>posse,</span> <span class='ocrx_word' id='word_1_272' title='bbox 1097 3832 1133 3879; x_wconf 91' lang='lat' dir='ltr'>ut</span> <span class='ocrx_word' id='word_1_273' title='bbox 1151 3812 1343 3907; x_wconf 75' lang='lat' dir='ltr'>Capitulum</span> <span class='ocrx_word' id='word_1_274' title='bbox 1362 3834 1418 3882; x_wconf 85' lang='lat' dir='ltr'>ant</span> <span class='ocrx_word' id='word_1_275' title='bbox 1436 3818 1644 3910; x_wconf 84' lang='lat' dir='ltr'>quiscunque</span> <span class='ocrx_word' id='word_1_276' title='bbox 1667 3813 1822 3884; x_wconf 83' lang='lat' dir='ltr'>Collator</span> <span class='ocrx_word' id='word_1_277' title='bbox 1840 3808 1929 3883; x_wconf 90' lang='lat' dir='ltr'>Ordi·</span> 
     </span>
     <span class='ocr_line' id='line_1_31' title="bbox 463 3902 1930 4003; baseline -0.003 -25"><span class='ocrx_word' id='word_1_278' title='bbox 463 3910 577 3978; x_wconf 85' lang='lat' dir='ltr'>narius</span> <span class='ocrx_word' id='word_1_279' title='bbox 593 3902 819 3975; x_wconf 78' lang='lat' dir='ltr'>ceffionarium</span> <span class='ocrx_word' id='word_1_280' title='bbox 839 3906 1002 4001; x_wconf 84' lang='lat' dir='ltr'>ejusmodi</span> <span class='ocrx_word' id='word_1_281' title='bbox 1022 3904 1198 3978; x_wconf 83' lang='lat' dir='ltr'>Precillant</span> <span class='ocrx_word' id='word_1_282' title='bbox 1215 3928 1387 4003; x_wconf 84' lang='lat' dir='ltr'>acceptare</span> <span class='ocrx_word' id='word_1_283' title='bbox 1403 3932 1565 3984; x_wconf 86' lang='lat' dir='ltr'>teneatur.</span> <span class='ocrx_word' id='word_1_284' title='bbox 1616 3913 1690 3981; x_wconf 84' lang='lat' dir='ltr'>lnto</span> <span class='ocrx_word' id='word_1_285' title='bbox 1712 3934 1773 3983; x_wconf 88' lang='lat' dir='ltr'>nec</span> <span class='ocrx_word' id='word_1_286' title='bbox 1791 3908 1848 3981; x_wconf 82' lang='lat' dir='ltr'>fibi</span> <span class='ocrx_word' id='word_1_287' title='bbox 1864 3907 1930 3977; x_wconf 87' lang='lat' dir='ltr'>satis</span> 
     </span>
     <span class='ocr_line' id='line_1_32' title="bbox 464 4000 1931 4103; baseline -0.003 -28"><span class='ocrx_word' id='word_1_288' title='bbox 464 4000 672 4102; x_wconf 84' lang='lat' dir='ltr'>prospiceret</span> <span class='ocrx_word' id='word_1_289' title='bbox 697 4004 798 4072; x_wconf 86' lang='lat' dir='ltr'>nimia</span> <span class='ocrx_word' id='word_1_290' title='bbox 821 4002 882 4076; x_wconf 89' lang='lat' dir='ltr'>hac</span> <span class='ocrx_word' id='word_1_291' title='bbox 907 4001 1187 4075; x_wconf 85' lang='lat' dir='ltr'>condescendendi</span> <span class='ocrx_word' id='word_1_292' title='bbox 1211 4000 1373 4077; x_wconf 81' lang='lat' dir='ltr'>‘facultate</span> <span class='ocrx_word' id='word_1_293' title='bbox 1395 4030 1430 4077; x_wconf 89' lang='lat' dir='ltr'>ac</span> <span class='ocrx_word' id='word_1_294' title='bbox 1455 4008 1747 4103; x_wconf 83' lang='lat' dir='ltr'>promptitudine3</span> <span class='ocrx_word' id='word_1_295' title='bbox 1791 4004 1931 4103; x_wconf 86' lang='lat' dir='ltr'>periculo</span> 
     </span>
     <span class='ocr_line' id='line_1_33' title="bbox 463 4096 1933 4201; baseline -0.002 -29"><span class='ocrx_word' id='word_1_296' title='bbox 463 4104 552 4173; x_wconf 89' lang='lat' dir='ltr'>enim</span> <span class='ocrx_word' id='word_1_297' title='bbox 570 4099 633 4172; x_wconf 87' lang='lat' dir='ltr'>sese</span> <span class='ocrx_word' id='word_1_298' title='bbox 654 4118 856 4194; x_wconf 82' lang='lat' dir='ltr'>exponeret,</span> <span class='ocrx_word' id='word_1_299' title='bbox 890 4124 930 4171; x_wconf 93' lang='lat' dir='ltr'>ne</span> <span class='ocrx_word' id='word_1_300' title='bbox 953 4099 1088 4171; x_wconf 84' lang='lat' dir='ltr'>admisso</span> <span class='ocrx_word' id='word_1_301' title='bbox 1107 4097 1316 4184; x_wconf 74' lang='lat' dir='ltr'>cessionario,</span> <span class='ocrx_word' id='word_1_302' title='bbox 1342 4104 1400 4198; x_wconf 92' lang='lat' dir='ltr'>qui</span> <span class='ocrx_word' id='word_1_303' title='bbox 1418 4104 1479 4200; x_wconf 89' lang='lat' dir='ltr'>Jus</span> <span class='ocrx_word' id='word_1_304' title='bbox 1503 4104 1594 4177; x_wconf 87' lang='lat' dir='ltr'>suum</span> <span class='ocrx_word' id='word_1_305' title='bbox 1619 4104 1659 4176; x_wconf 88' lang='lat' dir='ltr'>ab</span> <span class='ocrx_word' id='word_1_306' title='bbox 1677 4108 1888 4201; x_wconf 87' lang='lat' dir='ltr'>Imperatore</span> <span class='ocrx_word' id='word_1_307' title='bbox 1905 4096 1933 4169; x_wconf 89' lang='lat' dir='ltr'>se</span> 
     </span>
     <span class='ocr_line' id='line_1_34' title="bbox 464 4194 1936 4299; baseline 0 -29"><span class='ocrx_word' id='word_1_308' title='bbox 464 4198 588 4272; x_wconf 85' lang='lat' dir='ltr'>ltabere</span> <span class='ocrx_word' id='word_1_309' title='bbox 612 4224 676 4267; x_wconf 93' lang='lat' dir='ltr'>non</span> <span class='ocrx_word' id='word_1_310' title='bbox 704 4194 908 4278; x_wconf 84' lang='lat' dir='ltr'>ostenderet,</span> <span class='ocrx_word' id='word_1_311' title='bbox 941 4198 1005 4269; x_wconf 90' lang='lat' dir='ltr'>alio</span> <span class='ocrx_word' id='word_1_312' title='bbox 1028 4200 1163 4295; x_wconf 88' lang='lat' dir='ltr'>pollltac</span> <span class='ocrx_word' id='word_1_313' title='bbox 1186 4199 1326 4271; x_wconf 84' lang='lat' dir='ltr'>Ptecisla</span> <span class='ocrx_word' id='word_1_314' title='bbox 1353 4202 1492 4272; x_wconf 87' lang='lat' dir='ltr'>ulterius</span> <span class='ocrx_word' id='word_1_315' title='bbox 1515 4226 1679 4295; x_wconf 82' lang='lat' dir='ltr'>gravetur.</span> <span class='ocrx_word' id='word_1_316' title='bbox 1732 4206 1936 4299; x_wconf 87' lang='lat' dir='ltr'>Imperatore</span> 
     </span>
     <span class='ocr_line' id='line_1_35' title="bbox 465 4293 1936 4397; baseline -0.001 -28"><span class='ocrx_word' id='word_1_317' title='bbox 465 4319 598 4369; x_wconf 87' lang='lat' dir='ltr'>econtra</span> <span class='ocrx_word' id='word_1_318' title='bbox 620 4294 840 4377; x_wconf 83' lang='lat' dir='ltr'>adsentiente,</span> <span class='ocrx_word' id='word_1_319' title='bbox 876 4293 1056 4366; x_wconf 85' lang='lat' dir='ltr'>&amp;novum</span> <span class='ocrx_word' id='word_1_320' title='bbox 1077 4293 1238 4391; x_wconf 89' lang='lat' dir='ltr'>Diploma</span> <span class='ocrx_word' id='word_1_321' title='bbox 1262 4300 1499 4395; x_wconf 83' lang='lat' dir='ltr'>expendiente,</span> <span class='ocrx_word' id='word_1_322' title='bbox 1531 4295 1686 4371; x_wconf 76' lang='lat' dir='ltr'>cessiones</span> <span class='ocrx_word' id='word_1_323' title='bbox 1710 4304 1743 4371; x_wconf 90' lang='lat' dir='ltr'>in</span> <span class='ocrx_word' id='word_1_324' title='bbox 1764 4298 1936 4397; x_wconf 85' lang='lat' dir='ltr'>personant</span> 
     </span>
     <span class='ocr_line' id='line_1_36' title="bbox 460 4390 1938 4497; baseline 0.001 -32"><span class='ocrx_word' id='word_1_325' title='bbox 460 4392 551 4489; x_wconf 83' lang='lat' dir='ltr'>juxta</span> <span class='ocrx_word' id='word_1_326' title='bbox 565 4393 619 4487; x_wconf 86' lang='lat' dir='ltr'>jus</span> <span class='ocrx_word' id='word_1_327' title='bbox 634 4417 812 4467; x_wconf 83' lang='lat' dir='ltr'>commune</span> <span class='ocrx_word' id='word_1_328' title='bbox 828 4392 1033 4467; x_wconf 85' lang='lat' dir='ltr'>Canonicum</span> <span class='ocrx_word' id='word_1_329' title='bbox 1042 4443 1052 4479; x_wconf 93' lang='lat'>,</span> <span class='ocrx_word' id='word_1_330' title='bbox 1079 4414 1151 4466; x_wconf 89' lang='lat' dir='ltr'>tutn</span> <span class='ocrx_word' id='word_1_331' title='bbox 1168 4390 1346 4469; x_wconf 84' lang='lat' dir='ltr'>secundum</span> <span class='ocrx_word' id='word_1_332' title='bbox 1365 4394 1482 4473; x_wconf 85' lang='lat' dir='ltr'>llatuta</span> <span class='ocrx_word' id='word_1_333' title='bbox 1503 4396 1536 4473; x_wconf 72' lang='lat' dir='ltr'>dt</span> <span class='ocrx_word' id='word_1_334' title='bbox 1555 4394 1781 4475; x_wconf 78' lang='lat' dir='ltr'>observantias</span> <span class='ocrx_word' id='word_1_335' title='bbox 1796 4400 1938 4497; x_wconf 88' lang='lat' dir='ltr'>particu-</span> 
     </span>
     <span class='ocr_line' id='line_1_37' title="bbox 1857 4494 1940 4569; baseline -0.048 0"><span class='ocrx_word' id='word_1_336' title='bbox 1857 4494 1940 4569; x_wconf 80' lang='lat' dir='ltr'>lates</span> 
     </span>
    </p>

    <p class='ocr_par' dir='ltr' id='par_1_8' title="bbox 500 4578 1174 4777">
     <span class='ocr_line' id='line_1_38' title="bbox 500 4578 1174 4677; baseline 0.013 -25"><span class='ocrx_word' id='word_1_337' title='bbox 500 4588 538 4667; x_wconf 84' lang='lat' dir='ltr'>rt)</span> <span class='ocrx_word' id='word_1_338' title='bbox 559 4578 682 4651; x_wconf 82' lang='lat' dir='ltr'>Dissett.</span> <span class='ocrx_word' id='word_1_339' title='bbox 703 4584 790 4673; x_wconf 86' lang='lat' dir='ltr'>supts</span> <span class='ocrx_word' id='word_1_340' title='bbox 805 4586 858 4653; x_wconf 91' lang='lat' dir='ltr'>cit.</span> <span class='ocrx_word' id='word_1_341' title='bbox 870 4578 944 4675; x_wconf 79' lang='lat' dir='ltr'>Cap.</span> <span class='ocrx_word' id='word_1_342' title='bbox 959 4609 988 4675; x_wconf 81' lang='lat'>7.</span> <span class='ocrx_word' id='word_1_343' title='bbox 1009 4586 1041 4674; x_wconf 58' lang='grc' dir='ltr'>ἕ.</span> <span class='ocrx_word' id='word_1_344' title='bbox 1055 4603 1084 4669; x_wconf 84' lang='grc'>8.</span> <span class='ocrx_word' id='word_1_345' title='bbox 1102 4588 1174 4677; x_wconf 70' lang='lat'>819.</span> 
     </span>
     <span class='ocr_line' id='line_1_39' title="bbox 502 4682 1055 4777; baseline 0.016 -27"><span class='ocrx_word' id='word_1_346' title='bbox 502 4689 535 4763; x_wconf 72' lang='lat' dir='ltr'>l)</span> <span class='ocrx_word' id='word_1_347' title='bbox 559 4686 680 4755; x_wconf 83' lang='lat' dir='ltr'>Dissett.</span> <span class='ocrx_word' id='word_1_348' title='bbox 696 4682 798 4773; x_wconf 84' lang='lat' dir='ltr'>ejusd.</span> <span class='ocrx_word' id='word_1_349' title='bbox 821 4706 943 4775; x_wconf 72' lang='lat' dir='ltr'>arguor.</span> <span class='ocrx_word' id='word_1_350' title='bbox 964 4694 990 4772; x_wconf 84' lang='lat'>§.</span> <span class='ocrx_word' id='word_1_351' title='bbox 1005 4704 1055 4777; x_wconf 82' lang='lat'>89.</span> 
     </span>
    </p>
   </div>
   <div class='ocr_carea' id='block_1_7' title="bbox 0 0 2400 5550">
    <p class='ocr_par' dir='ltr' id='par_1_9' title="bbox 0 0 2400 5550">
     <span class='ocr_line' id='line_1_40' title="bbox 0 0 2400 5550; baseline 0 0"><span class='ocrx_word' id='word_1_352' title='bbox 0 0 2400 5550; x_wconf 95' lang='lat' dir='ltr'> </span> 
     </span>
    </p>
   </div>
  </div>
 </body>
</html>
