<?xml version="1.0" encoding="UTF-8"?>
<!DOCTYPE html PUBLIC "-//W3C//DTD XHTML 1.0 Transitional//EN"
    "http://www.w3.org/TR/xhtml1/DTD/xhtml1-transitional.dtd">
<html xmlns="http://www.w3.org/1999/xhtml" xml:lang="en" lang="en">
 <head>
  <title>
</title>
<meta http-equiv="Content-Type" content="text/html;charset=utf-8" />
  <meta name='ocr-system' content='tesseract 3.04.00' />
  <meta name='ocr-capabilities' content='ocr_page ocr_carea ocr_par ocr_line ocrx_word'/>
</head>
<body>
  <div class='ocr_page' id='page_1' title='image "./thesavrvsivrise03schmgoog_0429.png"; bbox 0 0 4784 5550; ppageno 0'>
   <div class='ocr_carea' id='block_1_1' title="bbox 804 597 1920 758">
    <p class='ocr_par' dir='ltr' id='par_1_1' title="bbox 804 597 1920 758">
     <span class='ocr_line' id='line_1_1' title="bbox 804 597 1920 758; baseline 0.015 -60"><span class='ocrx_word' id='word_1_1' title='bbox 804 597 1564 758; x_wconf 74' lang='lat' dir='ltr'>nrvonsbuouonmonnos.</span> <span class='ocrx_word' id='word_1_2' title='bbox 1848 643 1920 729; x_wconf 69' lang='lat' dir='ltr'>tn</span> 
     </span>
    </p>
   </div>
   <div class='ocr_carea' id='block_1_2' title="bbox 432 785 2016 1286">
    <p class='ocr_par' dir='ltr' id='par_1_2' title="bbox 432 785 2016 1286">
     <span class='ocr_line' id='line_1_2' title="bbox 432 785 2016 901; baseline 0.008 -33"><span class='ocrx_word' id='word_1_3' title='bbox 432 822 501 872; x_wconf 81' lang='lat' dir='ltr'>utro</span> <span class='ocrx_word' id='word_1_4' title='bbox 521 797 638 871; x_wconf 86' lang='lat' dir='ltr'>decem</span> <span class='ocrx_word' id='word_1_5' title='bbox 653 794 703 868; x_wconf 90' lang='lat' dir='ltr'>illi</span> <span class='ocrx_word' id='word_1_6' title='bbox 721 796 753 888; x_wconf 79' lang='lat' dir='ltr'>se</span> <span class='ocrx_word' id='word_1_7' title='bbox 772 816 918 888; x_wconf 82' lang='lat' dir='ltr'>opponunt</span> <span class='ocrx_word' id='word_1_8' title='bbox 936 818 999 867; x_wconf 83' lang='lat' dir='ltr'>tom</span> <span class='ocrx_word' id='word_1_9' title='bbox 1014 798 1225 891; x_wconf 74' lang='lat' dir='ltr'>postulationi,</span> <span class='ocrx_word' id='word_1_10' title='bbox 1245 823 1334 892; x_wconf 82' lang='lat' dir='ltr'>quom</span> <span class='ocrx_word' id='word_1_11' title='bbox 1352 806 1504 883; x_wconf 79' lang='lat' dir='ltr'>elellioni,</span> <span class='ocrx_word' id='word_1_12' title='bbox 1521 805 1683 895; x_wconf 69' lang='lat' dir='ltr'><em>repelletur</em></span> <span class='ocrx_word' id='word_1_13' title='bbox 1706 805 1840 894; x_wconf 79' lang='lat' dir='ltr'>inprimis</span> <span class='ocrx_word' id='word_1_14' title='bbox 1856 832 1916 901; x_wconf 89' lang='lat' dir='ltr'>po·</span> <span class='ocrx_word' id='word_1_15' title='bbox 1990 785 2016 850; x_wconf 73' lang='lat'>·.‘</span> 
     </span>
     <span class='ocr_line' id='line_1_3' title="bbox 432 894 1914 989; baseline 0.007 -23"><span class='ocrx_word' id='word_1_16' title='bbox 432 894 572 978; x_wconf 73' lang='lat' dir='ltr'>inlatio,</span> <span class='ocrx_word' id='word_1_17' title='bbox 596 921 667 989; x_wconf 84' lang='lat' dir='ltr'>quoa</span> <span class='ocrx_word' id='word_1_18' title='bbox 691 922 746 983; x_wconf 87' lang='lat'>30.</span> <span class='ocrx_word' id='word_1_19' title='bbox 764 899 831 965; x_wconf 84' lang='lat' dir='ltr'>huic</span> <span class='ocrx_word' id='word_1_20' title='bbox 850 899 1111 977; x_wconf 73' lang='lat' dir='ltr'>contradicerent,</span> <span class='ocrx_word' id='word_1_21' title='bbox 1134 900 1169 971; x_wconf 69' lang='lat' dir='ltr'>li</span> <span class='ocrx_word' id='word_1_22' title='bbox 1188 899 1227 987; x_wconf 73' lang='lat' dir='ltr'>fit</span> <span class='ocrx_word' id='word_1_23' title='bbox 1248 901 1348 968; x_wconf 80' lang='lat' dir='ltr'>nimio</span> <span class='ocrx_word' id='word_1_24' title='bbox 1364 895 1455 969; x_wconf 89' lang='lat' dir='ltr'>foret</span> <span class='ocrx_word' id='word_1_25' title='bbox 1478 899 1698 972; x_wconf 73' lang='lat' dir='ltr'>connatiiiio</span> <span class='ocrx_word' id='word_1_26' title='bbox 1722 902 1755 973; x_wconf 86' lang='lat' dir='ltr'>dt</span> <span class='ocrx_word' id='word_1_27' title='bbox 1777 904 1914 976; x_wconf 84' lang='lat' dir='ltr'>diuisiot</span> 
     </span>
     <span class='ocr_line' id='line_1_4' title="bbox 432 991 1921 1089; baseline 0.007 -26"><span class='ocrx_word' id='word_1_28' title='bbox 432 999 582 1089; x_wconf 69' lang='lat' dir='ltr'>replebitur</span> <span class='ocrx_word' id='word_1_29' title='bbox 601 1000 708 1065; x_wconf 75' lang='lat' dir='ltr'>deinde</span> <span class='ocrx_word' id='word_1_30' title='bbox 723 991 864 1075; x_wconf 78' lang='lat' dir='ltr'>elellio,</span> <span class='ocrx_word' id='word_1_31' title='bbox 880 1000 951 1084; x_wconf 82' lang='lat' dir='ltr'>quio</span> <span class='ocrx_word' id='word_1_32' title='bbox 967 1019 1025 1067; x_wconf 80' lang='lat' dir='ltr'>oo.</span> <span class='ocrx_word' id='word_1_33' title='bbox 1041 1000 1068 1072; x_wconf 84' lang='lat' dir='ltr'>ei</span> <span class='ocrx_word' id='word_1_34' title='bbox 1082 993 1310 1077; x_wconf 74' lang='lat' dir='ltr'>contradicunt,</span> <span class='ocrx_word' id='word_1_35' title='bbox 1331 1003 1429 1088; x_wconf 78' lang='lat' dir='ltr'>quood</span> <span class='ocrx_word' id='word_1_36' title='bbox 1445 1001 1497 1067; x_wconf 85' lang='lat' dir='ltr'>loor</span> <span class='ocrx_word' id='word_1_37' title='bbox 1518 995 1647 1068; x_wconf 82' lang='lat' dir='ltr'>cuusom</span> <span class='ocrx_word' id='word_1_38' title='bbox 1658 1001 1809 1088; x_wconf 79' lang='lat' dir='ltr'>sociemus</span> <span class='ocrx_word' id='word_1_39' title='bbox 1825 1025 1921 1075; x_wconf 73' lang='lat' dir='ltr'>com-²</span> 
     </span>
     <span class='ocr_line' id='line_1_5' title="bbox 432 1094 1917 1188; baseline 0.007 -26"><span class='ocrx_word' id='word_1_40' title='bbox 432 1114 558 1164; x_wconf 88' lang='lat' dir='ltr'>munem</span> <span class='ocrx_word' id='word_1_41' title='bbox 575 1118 585 1165; x_wconf 77' lang='lat' dir='ltr'>r</span> <span class='ocrx_word' id='word_1_42' title='bbox 613 1096 648 1167; x_wconf 70' lang='lat' dir='ltr'>li</span> <span class='ocrx_word' id='word_1_43' title='bbox 665 1114 723 1161; x_wconf 84' lang='lat' dir='ltr'>emt</span> <span class='ocrx_word' id='word_1_44' title='bbox 746 1118 815 1185; x_wconf 79' lang='lat' dir='ltr'>ptos</span> <span class='ocrx_word' id='word_1_45' title='bbox 832 1095 947 1171; x_wconf 82' lang='lat' dir='ltr'>maior,</span> <span class='ocrx_word' id='word_1_46' title='bbox 966 1099 1025 1162; x_wconf 90' lang='lat' dir='ltr'>imo</span> <span class='ocrx_word' id='word_1_47' title='bbox 1051 1094 1127 1159; x_wconf 82' lang='lat' dir='ltr'>lum</span> <span class='ocrx_word' id='word_1_48' title='bbox 1147 1115 1250 1182; x_wconf 78' lang='lat' dir='ltr'>portos</span> <span class='ocrx_word' id='word_1_49' title='bbox 1269 1101 1403 1186; x_wconf 79' lang='lat' dir='ltr'>Capituli</span> <span class='ocrx_word' id='word_1_50' title='bbox 1422 1099 1572 1179; x_wconf 83' lang='lat' dir='ltr'>inuicte,</span> <span class='ocrx_word' id='word_1_51' title='bbox 1596 1099 1700 1188; x_wconf 76' lang='lat' dir='ltr'>quibus</span> <span class='ocrx_word' id='word_1_52' title='bbox 1722 1105 1793 1185; x_wconf 73' lang='lat' dir='ltr'>lone</span> <span class='ocrx_word' id='word_1_53' title='bbox 1818 1110 1917 1172; x_wconf 78' lang='lat' dir='ltr'>Gonu·</span> 
     </span>
     <span class='ocr_line' id='line_1_6' title="bbox 432 1187 1624 1286; baseline 0.003 -27"><span class='ocrx_word' id='word_1_54' title='bbox 432 1212 471 1262; x_wconf 84' lang='lat' dir='ltr'>tes</span> <span class='ocrx_word' id='word_1_55' title='bbox 490 1196 562 1262; x_wconf 81' lang='lat' dir='ltr'>duri</span> <span class='ocrx_word' id='word_1_56' title='bbox 586 1197 693 1261; x_wconf 83' lang='lat' dir='ltr'>nolunt</span> <span class='ocrx_word' id='word_1_57' title='bbox 712 1190 901 1285; x_wconf 72' lang='lat' dir='ltr'><em>Episcopum,</em></span> <span class='ocrx_word' id='word_1_58' title='bbox 923 1214 941 1257; x_wconf 87' lang='lat' dir='ltr'>u</span> <span class='ocrx_word' id='word_1_59' title='bbox 959 1190 1089 1277; x_wconf 78' lang='lat' dir='ltr'>solliome</span> <span class='ocrx_word' id='word_1_60' title='bbox 1107 1209 1171 1259; x_wconf 84' lang='lat' dir='ltr'>tum</span> <span class='ocrx_word' id='word_1_61' title='bbox 1191 1187 1299 1284; x_wconf 79' lang='lat' dir='ltr'>exigito</span> <span class='ocrx_word' id='word_1_62' title='bbox 1316 1199 1454 1271; x_wconf 69' lang='lat' dir='ltr'>eludium.</span> <span class='ocrx_word' id='word_1_63' title='bbox 1476 1228 1515 1250; x_wconf 88' lang='lat'>···</span> <span class='ocrx_word' id='word_1_64' title='bbox 1599 1200 1624 1286; x_wconf 30' lang='grc' dir='ltr'>Ἰ</span> 
     </span>
    </p>
   </div>
   <div class='ocr_carea' id='block_1_3' title="bbox 432 1355 1917 1557">
    <p class='ocr_par' dir='ltr' id='par_1_3' title="bbox 432 1355 1917 1557">
     <span class='ocr_line' id='line_1_7' title="bbox 540 1355 1913 1461; baseline 0.006 -32"><span class='ocrx_word' id='word_1_65' title='bbox 540 1357 681 1439; x_wconf 86' lang='lat' dir='ltr'>Nobis,</span> <span class='ocrx_word' id='word_1_66' title='bbox 708 1355 730 1428; x_wconf 83' lang='lat' dir='ltr'>li</span> <span class='ocrx_word' id='word_1_67' title='bbox 752 1359 888 1432; x_wconf 79' lang='lat' dir='ltr'>cordate</span> <span class='ocrx_word' id='word_1_68' title='bbox 916 1360 1205 1456; x_wconf 86' lang='lat' dir='ltr'>pronunciandum</span> <span class='ocrx_word' id='word_1_69' title='bbox 1226 1358 1299 1442; x_wconf 90' lang='lat' dir='ltr'>est,</span> <span class='ocrx_word' id='word_1_70' title='bbox 1324 1384 1444 1435; x_wconf 86' lang='lat' dir='ltr'>neutra</span> <span class='ocrx_word' id='word_1_71' title='bbox 1461 1363 1582 1434; x_wconf 83' lang='lat' dir='ltr'>burum</span> <span class='ocrx_word' id='word_1_72' title='bbox 1607 1360 1821 1457; x_wconf 81' lang='lat' dir='ltr'>lingularium</span> <span class='ocrx_word' id='word_1_73' title='bbox 1839 1367 1913 1461; x_wconf 88' lang='lat' dir='ltr'>opi·</span> 
     </span>
     <span class='ocr_line' id='line_1_8' title="bbox 432 1454 1917 1557; baseline 0.007 -31"><span class='ocrx_word' id='word_1_74' title='bbox 432 1457 561 1528; x_wconf 85' lang='lat' dir='ltr'>tionum</span> <span class='ocrx_word' id='word_1_75' title='bbox 579 1458 707 1553; x_wconf 86' lang='lat' dir='ltr'>placet,</span> <span class='ocrx_word' id='word_1_76' title='bbox 730 1454 803 1557; x_wconf 73' lang='lat' dir='ltr'>sed,</span> <span class='ocrx_word' id='word_1_77' title='bbox 827 1484 926 1550; x_wconf 89' lang='lat' dir='ltr'>quam</span> <span class='ocrx_word' id='word_1_78' title='bbox 949 1456 1047 1553; x_wconf 87' lang='lat' dir='ltr'>supra</span> <span class='ocrx_word' id='word_1_79' title='bbox 1064 1460 1322 1553; x_wconf 82' lang='lat' dir='ltr'>expliceuimus,</span> <span class='ocrx_word' id='word_1_80' title='bbox 1340 1471 1502 1532; x_wconf 85' lang='lat' dir='ltr'>communis</span> <span class='ocrx_word' id='word_1_81' title='bbox 1517 1465 1667 1547; x_wconf 68' lang='lat' dir='ltr'>sententie</span> <span class='ocrx_word' id='word_1_82' title='bbox 1684 1457 1864 1536; x_wconf 73' lang='lat' dir='ltr'>relliffime</span> <span class='ocrx_word' id='word_1_83' title='bbox 1878 1459 1917 1536; x_wconf 78' lang='lat' dir='ltr'>se·</span> 
     </span>
    </p>
   </div>
   <div class='ocr_carea' id='block_1_4' title="bbox 432 1554 2043 1657">
    <p class='ocr_par' dir='ltr' id='par_1_4' title="bbox 432 1554 2043 1657">
     <span class='ocr_line' id='line_1_9' title="bbox 432 1554 2043 1657; baseline 0.005 -33"><span class='ocrx_word' id='word_1_84' title='bbox 432 1556 564 1634; x_wconf 79' lang='lat' dir='ltr'>tubere,</span> <span class='ocrx_word' id='word_1_85' title='bbox 586 1554 618 1625; x_wconf 85' lang='lat' dir='ltr'>dt</span> <span class='ocrx_word' id='word_1_86' title='bbox 637 1579 698 1651; x_wconf 92' lang='lat' dir='ltr'>per</span> <span class='ocrx_word' id='word_1_87' title='bbox 718 1559 867 1647; x_wconf 78' lang='lat' dir='ltr'>exemplu</span> <span class='ocrx_word' id='word_1_88' title='bbox 884 1581 901 1624; x_wconf 82' lang='lat' dir='ltr'>e</span> <span class='ocrx_word' id='word_1_89' title='bbox 916 1556 1011 1626; x_wconf 85' lang='lat' dir='ltr'>nobis</span> <span class='ocrx_word' id='word_1_90' title='bbox 1026 1559 1059 1624; x_wconf 93' lang='lat' dir='ltr'>in</span> <span class='ocrx_word' id='word_1_91' title='bbox 1078 1566 1112 1642; x_wconf 56' lang='grc' dir='ltr'>ὅ.</span> <span class='ocrx_word' id='word_1_92' title='bbox 1133 1582 1186 1646; x_wconf 81' lang='lat'>¹7·</span> <span class='ocrx_word' id='word_1_93' title='bbox 1204 1559 1305 1628; x_wconf 89' lang='lat' dir='ltr'>relata</span> <span class='ocrx_word' id='word_1_94' title='bbox 1324 1581 1416 1628; x_wconf 84' lang='lat' dir='ltr'>extra</span> <span class='ocrx_word' id='word_1_95' title='bbox 1434 1584 1570 1630; x_wconf 86' lang='lat' dir='ltr'>omnem</span> <span class='ocrx_word' id='word_1_96' title='bbox 1592 1559 1834 1632; x_wconf 71' lang='lat' dir='ltr'>dubitationem</span> <span class='ocrx_word' id='word_1_97' title='bbox 1850 1585 1918 1657; x_wconf 83' lang='lat' dir='ltr'>po·</span> <span class='ocrx_word' id='word_1_98' title='bbox 2033 1559 2043 1586; x_wconf 34' lang='grc' dir='ltr'><strong>Χ</strong></span> 
     </span>
    </p>
   </div>
   <div class='ocr_carea' id='block_1_5' title="bbox 432 1649 2022 2435">
    <p class='ocr_par' dir='ltr' id='par_1_5' title="bbox 432 1649 2022 2435">
     <span class='ocr_line' id='line_1_10' title="bbox 432 1649 1915 1740; baseline 0.005 -18"><span class='ocrx_word' id='word_1_99' title='bbox 432 1649 476 1726; x_wconf 86' lang='lat' dir='ltr'>ire</span> <span class='ocrx_word' id='word_1_100' title='bbox 495 1655 641 1725; x_wconf 87' lang='lat' dir='ltr'>uidetur.</span> <span class='ocrx_word' id='word_1_101' title='bbox 689 1657 728 1722; x_wconf 92' lang='lat' dir='ltr'>ln</span> <span class='ocrx_word' id='word_1_102' title='bbox 744 1652 861 1723; x_wconf 84' lang='lat' dir='ltr'>illustri</span> <span class='ocrx_word' id='word_1_103' title='bbox 877 1658 966 1725; x_wconf 90' lang='lat' dir='ltr'>enim</span> <span class='ocrx_word' id='word_1_104' title='bbox 979 1662 1067 1735; x_wconf 73' lang='lat' dir='ltr'>ceula</span> <span class='ocrx_word' id='word_1_105' title='bbox 1086 1657 1253 1738; x_wconf 68' lang='lat' dir='ltr'>coloniens</span> <span class='ocrx_word' id='word_1_106' title='bbox 1260 1705 1271 1737; x_wconf 87' lang='lat'>‚</span> <span class='ocrx_word' id='word_1_107' title='bbox 1285 1654 1476 1728; x_wconf 73' lang='lat' dir='ltr'>testantibus</span> <span class='ocrx_word' id='word_1_108' title='bbox 1492 1655 1604 1740; x_wconf 69' lang='lat' dir='ltr'>nilis,</span> <span class='ocrx_word' id='word_1_109' title='bbox 1622 1659 1699 1729; x_wconf 92' lang='lat' dir='ltr'>iden</span> <span class='ocrx_word' id='word_1_110' title='bbox 1713 1655 1915 1732; x_wconf 81' lang='lat' dir='ltr'>confirmata¹</span> 
     </span>
     <span class='ocr_line' id='line_1_11' title="bbox 433 1747 1911 1850; baseline 0.005 -29"><span class='ocrx_word' id='word_1_111' title='bbox 433 1748 461 1822; x_wconf 86' lang='lat' dir='ltr'>ll</span> <span class='ocrx_word' id='word_1_112' title='bbox 478 1757 599 1831; x_wconf 79' lang='lat' dir='ltr'>elellio,</span> <span class='ocrx_word' id='word_1_113' title='bbox 624 1754 702 1845; x_wconf 83' lang='lat' dir='ltr'>quio</span> <span class='ocrx_word' id='word_1_114' title='bbox 718 1757 807 1820; x_wconf 77' lang='lat' dir='ltr'>eletio</span> <span class='ocrx_word' id='word_1_115' title='bbox 831 1747 987 1822; x_wconf 77' lang='lat' dir='ltr'>fauebunt</span> <span class='ocrx_word' id='word_1_116' title='bbox 1007 1748 1164 1842; x_wconf 74' lang='lat' dir='ltr'>suffragia</span> <span class='ocrx_word' id='word_1_117' title='bbox 1178 1758 1244 1845; x_wconf 86' lang='lat' dir='ltr'>pius</span> <span class='ocrx_word' id='word_1_118' title='bbox 1259 1779 1348 1846; x_wconf 83' lang='lat' dir='ltr'>quum</span> <span class='ocrx_word' id='word_1_119' title='bbox 1364 1780 1462 1825; x_wconf 80' lang='lat' dir='ltr'>vnum</span> <span class='ocrx_word' id='word_1_120' title='bbox 1478 1762 1603 1827; x_wconf 82' lang='lat' dir='ltr'>tertium</span> <span class='ocrx_word' id='word_1_121' title='bbox 1628 1763 1721 1827; x_wconf 83' lang='lat' dir='ltr'>totius</span> <span class='ocrx_word' id='word_1_122' title='bbox 1742 1759 1911 1850; x_wconf 71' lang='lat' dir='ltr'>proesentis</span> 
     </span>
     <span class='ocr_line' id='line_1_12' title="bbox 432 1845 1909 1952; baseline 0.005 -34"><span class='ocrx_word' id='word_1_123' title='bbox 432 1845 765 1941; x_wconf 76' lang='lat' dir='ltr'>:opituliefficientin</span> <span class='ocrx_word' id='word_1_124' title='bbox 791 1868 1013 1930; x_wconf 80' lang='lat' dir='ltr'>zuentvs,</span> <span class='ocrx_word' id='word_1_125' title='bbox 1043 1869 1340 1924; x_wconf 73' lang='lat' dir='ltr'>tcnmrr&#39;rrvs</span> <span class='ocrx_word' id='word_1_126' title='bbox 1373 1845 1692 1926; x_wconf 74' lang='lat' dir='ltr'>unrrononvs</span> <span class='ocrx_word' id='word_1_127' title='bbox 1720 1853 1809 1925; x_wconf 80' lang='lat' dir='ltr'>nullo</span> <span class='ocrx_word' id='word_1_128' title='bbox 1828 1878 1909 1952; x_wconf 91' lang='lat' dir='ltr'>pru·</span> 
     </span>
     <span class='ocr_line' id='line_1_13' title="bbox 432 1947 2022 2050; baseline 0.006 -30"><span class='ocrx_word' id='word_1_129' title='bbox 432 1949 570 2020; x_wconf 86' lang='lat' dir='ltr'>ulerunt</span> <span class='ocrx_word' id='word_1_130' title='bbox 594 1970 799 2039; x_wconf 85' lang='lat' dir='ltr'>argumenta.</span> <span class='ocrx_word' id='word_1_131' title='bbox 824 1955 1060 2018; x_wconf 76' lang='lat' dir='ltr'>uiicKHNtt</span> <span class='ocrx_word' id='word_1_132' title='bbox 1088 1952 1235 2020; x_wconf 85' lang='lat' dir='ltr'>¹rationes</span> <span class='ocrx_word' id='word_1_133' title='bbox 1255 1951 1321 2019; x_wconf 85' lang='lat' dir='ltr'>iem</span> <span class='ocrx_word' id='word_1_134' title='bbox 1346 1947 1573 2045; x_wconf 82' lang='lat' dir='ltr'>explostmuo,</span> <span class='ocrx_word' id='word_1_135' title='bbox 1596 1974 1692 2032; x_wconf 82' lang='lat' dir='ltr'>uum,</span> <span class='ocrx_word' id='word_1_136' title='bbox 1715 1954 1848 2050; x_wconf 78' lang='lat' dir='ltr'>quaein</span> <span class='ocrx_word' id='word_1_137' title='bbox 1873 1949 1907 2049; x_wconf 56' lang='grc' dir='ltr'>ᾗ.</span> <span class='ocrx_word' id='word_1_138' title='bbox 2009 1993 2022 2002; x_wconf 87' lang='grc'><em>·</em></span> 
     </span>
     <span class='ocr_line' id='line_1_14' title="bbox 440 2041 1906 2144; baseline 0.002 -28"><span class='ocrx_word' id='word_1_139' title='bbox 440 2059 474 2128; x_wconf 76' lang='lat'>8.</span> <span class='ocrx_word' id='word_1_140' title='bbox 491 2041 705 2140; x_wconf 75' lang='lat' dir='ltr'>exposuimus</span> <span class='ocrx_word' id='word_1_141' title='bbox 729 2067 949 2138; x_wconf 74' lang='lat' dir='ltr'>argumento,</span> <span class='ocrx_word' id='word_1_142' title='bbox 971 2069 1009 2117; x_wconf 84' lang='lat' dir='ltr'>eo</span> <span class='ocrx_word' id='word_1_143' title='bbox 1035 2045 1142 2116; x_wconf 79' lang='lat' dir='ltr'>&amp;hic</span> <span class='ocrx_word' id='word_1_144' title='bbox 1162 2046 1281 2117; x_wconf 85' lang='lat' dir='ltr'>valent.</span> <span class='ocrx_word' id='word_1_145' title='bbox 1344 2049 1567 2119; x_wconf 78' lang='lat' dir='ltr'>concedimus</span> <span class='ocrx_word' id='word_1_146' title='bbox 1589 2050 1726 2144; x_wconf 86' lang='lat' dir='ltr'>quidem</span> <span class='ocrx_word' id='word_1_147' title='bbox 1748 2054 1781 2120; x_wconf 91' lang='lat' dir='ltr'>in</span> <span class='ocrx_word' id='word_1_148' title='bbox 1798 2073 1828 2138; x_wconf 85' lang='lat' dir='ltr'>c.</span> <span class='ocrx_word' id='word_1_149' title='bbox 1845 2069 1906 2144; x_wconf 84' lang='lat' dir='ltr'>4·o.</span> 
     </span>
     <span class='ocr_line' id='line_1_15' title="bbox 433 2139 1910 2239; baseline 0.002 -24"><span class='ocrx_word' id='word_1_150' title='bbox 433 2145 522 2215; x_wconf 85' lang='lat' dir='ltr'>lcum</span> <span class='ocrx_word' id='word_1_151' title='bbox 539 2141 703 2214; x_wconf 83' lang='lat' dir='ltr'>silentium</span> <span class='ocrx_word' id='word_1_152' title='bbox 718 2139 781 2214; x_wconf 85' lang='lat' dir='ltr'>esse</span> <span class='ocrx_word' id='word_1_153' title='bbox 800 2142 843 2216; x_wconf 90' lang='lat' dir='ltr'>de</span> <span class='ocrx_word' id='word_1_154' title='bbox 858 2168 924 2215; x_wconf 80' lang='lat' dir='ltr'>vua</span> <span class='ocrx_word' id='word_1_155' title='bbox 941 2168 1017 2214; x_wconf 74' lang='lat' dir='ltr'>‘uoce</span> <span class='ocrx_word' id='word_1_156' title='bbox 1032 2147 1123 2214; x_wconf 73' lang='lat' dir='ltr'>vltra</span> <span class='ocrx_word' id='word_1_157' title='bbox 1136 2168 1233 2214; x_wconf 87' lang='lat' dir='ltr'>vmom</span> <span class='ocrx_word' id='word_1_158' title='bbox 1248 2147 1392 2226; x_wconf 83' lang='lat' dir='ltr'>tertium,</span> <span class='ocrx_word' id='word_1_159' title='bbox 1411 2149 1480 2215; x_wconf 89' lang='lat' dir='ltr'>imo</span> <span class='ocrx_word' id='word_1_160' title='bbox 1496 2145 1529 2216; x_wconf 79' lang='lat' dir='ltr'>dt</span> <span class='ocrx_word' id='word_1_161' title='bbox 1545 2146 1587 2216; x_wconf 86' lang='lat' dir='ltr'>de</span> <span class='ocrx_word' id='word_1_162' title='bbox 1602 2154 1666 2239; x_wconf 77' lang='lat' dir='ltr'>ippu</span> <span class='ocrx_word' id='word_1_163' title='bbox 1694 2153 1808 2217; x_wconf 77' lang='lat' dir='ltr'>tertia:</span> <span class='ocrx_word' id='word_1_164' title='bbox 1830 2145 1853 2215; x_wconf 81' lang='lat' dir='ltr'>fi</span> <span class='ocrx_word' id='word_1_165' title='bbox 1872 2150 1910 2218; x_wconf 85' lang='lat' dir='ltr'>tle</span> 
     </span>
     <span class='ocr_line' id='line_1_16' title="bbox 432 2238 1904 2338; baseline 0.001 -25"><span class='ocrx_word' id='word_1_166' title='bbox 432 2247 522 2313; x_wconf 76' lang='lat' dir='ltr'>terlis&#39;</span> <span class='ocrx_word' id='word_1_167' title='bbox 541 2240 710 2335; x_wconf 77' lang='lat' dir='ltr'>disputet,</span> <span class='ocrx_word' id='word_1_168' title='bbox 734 2238 755 2310; x_wconf 79' lang='lat' dir='ltr'>fi</span> <span class='ocrx_word' id='word_1_169' title='bbox 775 2264 885 2311; x_wconf 84' lang='lat' dir='ltr'>eutem</span> <span class='ocrx_word' id='word_1_170' title='bbox 905 2239 947 2310; x_wconf 91' lang='lat' dir='ltr'>de</span> <span class='ocrx_word' id='word_1_171' title='bbox 970 2264 1006 2311; x_wconf 92' lang='lat' dir='ltr'>re</span> <span class='ocrx_word' id='word_1_172' title='bbox 1026 2240 1087 2334; x_wconf 80' lang='lat' dir='ltr'>ipsu</span> <span class='ocrx_word' id='word_1_173' title='bbox 1105 2243 1260 2332; x_wconf 78' lang='lat' dir='ltr'>quaeris,</span> <span class='ocrx_word' id='word_1_174' title='bbox 1286 2238 1385 2336; x_wconf 87' lang='lat' dir='ltr'>supra</span> <span class='ocrx_word' id='word_1_175' title='bbox 1407 2239 1646 2314; x_wconf 84' lang='lat' dir='ltr'>euidentiffime</span> <span class='ocrx_word' id='word_1_176' title='bbox 1673 2242 1904 2338; x_wconf 82' lang='lat' dir='ltr'>probauitnuo,</span> 
     </span>
     <span class='ocr_line' id='line_1_17' title="bbox 432 2333 1905 2435; baseline 0.001 -24"><span class='ocrx_word' id='word_1_177' title='bbox 432 2335 614 2412; x_wconf 85' lang='lat' dir='ltr'>’ontificem</span> <span class='ocrx_word' id='word_1_178' title='bbox 630 2362 695 2408; x_wconf 90' lang='lat' dir='ltr'>uon</span> <span class='ocrx_word' id='word_1_179' title='bbox 713 2339 809 2409; x_wconf 86' lang='lat' dir='ltr'>oliter</span> <span class='ocrx_word' id='word_1_180' title='bbox 824 2333 960 2408; x_wconf 82' lang='lat' dir='ltr'>uoluisse</span> <span class='ocrx_word' id='word_1_181' title='bbox 981 2342 1116 2407; x_wconf 72' lang='lat' dir='ltr'>electum</span> <span class='ocrx_word' id='word_1_182' title='bbox 1135 2339 1280 2432; x_wconf 73' lang='lat' dir='ltr'>palmam</span> <span class='ocrx_word' id='word_1_183' title='bbox 1298 2334 1450 2421; x_wconf 86' lang='lat' dir='ltr'>deferre,</span> <span class='ocrx_word' id='word_1_184' title='bbox 1469 2338 1608 2434; x_wconf 85' lang='lat' dir='ltr'>quomst</span> <span class='ocrx_word' id='word_1_185' title='bbox 1630 2344 1683 2411; x_wconf 87' lang='lat'>16.</span> <span class='ocrx_word' id='word_1_186' title='bbox 1698 2362 1775 2411; x_wconf 86' lang='lat' dir='ltr'>uota</span> <span class='ocrx_word' id='word_1_187' title='bbox 1792 2346 1905 2435; x_wconf 81' lang='lat' dir='ltr'>eligem-</span> 
     </span>
    </p>
   </div>
   <div class='ocr_carea' id='block_1_6' title="bbox 432 2432 2042 2536">
    <p class='ocr_par' dir='ltr' id='par_1_6' title="bbox 432 2432 2042 2536">
     <span class='ocr_line' id='line_1_18' title="bbox 432 2432 2042 2536; baseline 0 -27"><span class='ocrx_word' id='word_1_188' title='bbox 432 2432 653 2509; x_wconf 83' lang='lat' dir='ltr'>iumoefficient</span> <span class='ocrx_word' id='word_1_189' title='bbox 669 2442 754 2529; x_wconf 91' lang='lat' dir='ltr'>plus,</span> <span class='ocrx_word' id='word_1_190' title='bbox 771 2459 861 2528; x_wconf 86' lang='lat' dir='ltr'>quum</span> <span class='ocrx_word' id='word_1_191' title='bbox 876 2460 972 2507; x_wconf 81' lang='lat' dir='ltr'>vnum</span> <span class='ocrx_word' id='word_1_192' title='bbox 991 2442 1258 2505; x_wconf 84' lang='lat' dir='ltr'>tertiumommium</span> <span class='ocrx_word' id='word_1_193' title='bbox 1276 2443 1464 2508; x_wconf 78' lang='lat' dir='ltr'>vorantium.</span> <span class='ocrx_word' id='word_1_194' title='bbox 1517 2443 1568 2507; x_wconf 87' lang='lat' dir='ltr'>De</span> <span class='ocrx_word' id='word_1_195' title='bbox 1584 2441 1688 2508; x_wconf 76' lang='lat' dir='ltr'>nerlii</span> <span class='ocrx_word' id='word_1_196' title='bbox 1708 2461 1776 2508; x_wconf 90' lang='lat' dir='ltr'>non</span> <span class='ocrx_word' id='word_1_197' title='bbox 1791 2436 1907 2536; x_wconf 87' lang='lat' dir='ltr'>dispu·</span> <span class='ocrx_word' id='word_1_198' title='bbox 2035 2433 2042 2446; x_wconf 60' lang='lat'>⁸</span> 
     </span>
    </p>
   </div>
   <div class='ocr_carea' id='block_1_7' title="bbox 432 2531 1983 3897">
    <p class='ocr_par' dir='ltr' id='par_1_7' title="bbox 432 2531 1983 3897">
     <span class='ocr_line' id='line_1_19' title="bbox 432 2531 1983 2630; baseline 0.001 -26"><span class='ocrx_word' id='word_1_199' title='bbox 432 2557 547 2617; x_wconf 75' lang='lat' dir='ltr'>amur,</span> <span class='ocrx_word' id='word_1_200' title='bbox 567 2531 621 2603; x_wconf 91' lang='lat' dir='ltr'>sed</span> <span class='ocrx_word' id='word_1_201' title='bbox 636 2533 677 2603; x_wconf 90' lang='lat' dir='ltr'>de</span> <span class='ocrx_word' id='word_1_202' title='bbox 690 2560 731 2611; x_wconf 84' lang='lat' dir='ltr'>re.</span> <span class='ocrx_word' id='word_1_203' title='bbox 780 2532 881 2629; x_wconf 81' lang='lat' dir='ltr'>Quod</span> <span class='ocrx_word' id='word_1_204' title='bbox 903 2532 1022 2603; x_wconf 88' lang='lat' dir='ltr'>deinde</span> <span class='ocrx_word' id='word_1_205' title='bbox 1043 2534 1082 2603; x_wconf 89' lang='lat' dir='ltr'>ad</span> <span class='ocrx_word' id='word_1_206' title='bbox 1109 2551 1318 2604; x_wconf 73' lang='grc' dir='ltr'>Νειιεκι</span> <span class='ocrx_word' id='word_1_207' title='bbox 1349 2533 1603 2630; x_wconf 73' lang='lat' dir='ltr'>explicationem</span> <span class='ocrx_word' id='word_1_208' title='bbox 1632 2536 1772 2605; x_wconf 77' lang='lat' dir='ltr'>attinere</span> <span class='ocrx_word' id='word_1_209' title='bbox 1795 2544 1904 2630; x_wconf 86' lang='lat' dir='ltr'>primo,</span> <span class='ocrx_word' id='word_1_210' title='bbox 1976 2591 1983 2612; x_wconf 93' lang='grc'><em>,</em></span> 
     </span>
     <span class='ocr_line' id='line_1_20' title="bbox 432 2628 1903 2729; baseline -0.001 -25"><span class='ocrx_word' id='word_1_211' title='bbox 432 2632 610 2728; x_wconf 77' lang='lat' dir='ltr'>tremplum</span> <span class='ocrx_word' id='word_1_212' title='bbox 626 2631 667 2701; x_wconf 88' lang='lat' dir='ltr'>ob</span> <span class='ocrx_word' id='word_1_213' title='bbox 685 2629 756 2729; x_wconf 89' lang='lat' dir='ltr'>ipso</span> <span class='ocrx_word' id='word_1_214' title='bbox 769 2628 975 2727; x_wconf 83' lang='lat' dir='ltr'>propositum</span> <span class='ocrx_word' id='word_1_215' title='bbox 989 2633 1182 2724; x_wconf 89' lang='lat' dir='ltr'>neutiquam</span> <span class='ocrx_word' id='word_1_216' title='bbox 1202 2631 1414 2702; x_wconf 89' lang='lat' dir='ltr'>tribuendum</span> <span class='ocrx_word' id='word_1_217' title='bbox 1432 2628 1477 2702; x_wconf 85' lang='lat' dir='ltr'>eli</span> <span class='ocrx_word' id='word_1_218' title='bbox 1495 2637 1764 2714; x_wconf 79' lang='lat' dir='ltr'>uiicttrturo,</span> <span class='ocrx_word' id='word_1_219' title='bbox 1792 2632 1903 2703; x_wconf 83' lang='lat' dir='ltr'>&amp;mi-</span> 
     </span>
     <span class='ocr_line' id='line_1_21' title="bbox 432 2725 1902 2827; baseline 0 -25"><span class='ocrx_word' id='word_1_220' title='bbox 432 2733 484 2802; x_wconf 81' lang='lat' dir='ltr'>ari</span> <span class='ocrx_word' id='word_1_221' title='bbox 501 2728 577 2802; x_wconf 80' lang='lat' dir='ltr'>satir</span> <span class='ocrx_word' id='word_1_222' title='bbox 594 2754 744 2823; x_wconf 86' lang='lat' dir='ltr'>nequeo,</span> <span class='ocrx_word' id='word_1_223' title='bbox 759 2730 849 2824; x_wconf 90' lang='lat' dir='ltr'>quod</span> <span class='ocrx_word' id='word_1_224' title='bbox 866 2729 965 2801; x_wconf 90' lang='lat' dir='ltr'>talem</span> <span class='ocrx_word' id='word_1_225' title='bbox 984 2725 1095 2802; x_wconf 89' lang='lat' dir='ltr'>casum</span> <span class='ocrx_word' id='word_1_226' title='bbox 1112 2726 1259 2819; x_wconf 73' lang='lat' dir='ltr'>figurare</span> <span class='ocrx_word' id='word_1_227' title='bbox 1276 2732 1426 2822; x_wconf 88' lang='lat' dir='ltr'>potuerit</span> <span class='ocrx_word' id='word_1_228' title='bbox 1448 2735 1505 2802; x_wconf 80' lang='lat' dir='ltr'>Vir</span> <span class='ocrx_word' id='word_1_229' title='bbox 1530 2732 1726 2822; x_wconf 86' lang='lat' dir='ltr'>ceteroquin</span> <span class='ocrx_word' id='word_1_230' title='bbox 1745 2732 1794 2801; x_wconf 91' lang='lat' dir='ltr'>rei</span> <span class='ocrx_word' id='word_1_231' title='bbox 1814 2730 1902 2827; x_wconf 84' lang='lat' dir='ltr'>peri·</span> 
     </span>
     <span class='ocr_line' id='line_1_22' title="bbox 432 2821 1902 2921; baseline 0.001 -23"><span class='ocrx_word' id='word_1_232' title='bbox 432 2824 569 2899; x_wconf 76' lang='lat' dir='ltr'>illimus.</span> <span class='ocrx_word' id='word_1_233' title='bbox 617 2832 748 2899; x_wconf 88' lang='lat' dir='ltr'>Etenim</span> <span class='ocrx_word' id='word_1_234' title='bbox 764 2833 797 2898; x_wconf 90' lang='lat' dir='ltr'>in</span> <span class='ocrx_word' id='word_1_235' title='bbox 821 2828 879 2898; x_wconf 90' lang='lat' dir='ltr'>illo</span> <span class='ocrx_word' id='word_1_236' title='bbox 904 2824 996 2909; x_wconf 89' lang='lat' dir='ltr'>casu,</span> <span class='ocrx_word' id='word_1_237' title='bbox 1021 2850 1122 2921; x_wconf 91' lang='lat' dir='ltr'>quem</span> <span class='ocrx_word' id='word_1_238' title='bbox 1147 2844 1393 2896; x_wconf 70' lang='lat' dir='ltr'>Nssuussnvs</span> <span class='ocrx_word' id='word_1_239' title='bbox 1420 2821 1606 2914; x_wconf 84' lang='lat' dir='ltr'>figurauit,</span> <span class='ocrx_word' id='word_1_240' title='bbox 1636 2824 1789 2903; x_wconf 74' lang='lat' dir='ltr'>scrutinii,</span> <span class='ocrx_word' id='word_1_241' title='bbox 1809 2825 1902 2899; x_wconf 64' lang='lat' dir='ltr'>ellus</span> 
     </span>
     <span class='ocr_line' id='line_1_23' title="bbox 432 2920 1901 3022; baseline -0.003 -25"><span class='ocrx_word' id='word_1_242' title='bbox 432 2927 516 2998; x_wconf 81' lang='lat' dir='ltr'>olane</span> <span class='ocrx_word' id='word_1_243' title='bbox 534 2921 622 2997; x_wconf 86' lang='lat' dir='ltr'>soret</span> <span class='ocrx_word' id='word_1_244' title='bbox 640 2934 775 3009; x_wconf 71' lang='lat' dir='ltr'>inutilior,</span> <span class='ocrx_word' id='word_1_245' title='bbox 803 2929 880 3022; x_wconf 89' lang='lat' dir='ltr'>quia</span> <span class='ocrx_word' id='word_1_246' title='bbox 896 2928 1033 2994; x_wconf 88' lang='lat' dir='ltr'>omnino</span> <span class='ocrx_word' id='word_1_247' title='bbox 1049 2920 1208 2993; x_wconf 79' lang='lat' dir='ltr'>deficiunt</span> <span class='ocrx_word' id='word_1_248' title='bbox 1226 2927 1342 2990; x_wconf 78' lang='lat' dir='ltr'>maiora</span> <span class='ocrx_word' id='word_1_249' title='bbox 1358 2922 1515 3016; x_wconf 77' lang='lat' dir='ltr'>capituli,</span> <span class='ocrx_word' id='word_1_250' title='bbox 1542 2944 1627 3013; x_wconf 89' lang='lat' dir='ltr'>quae</span> <span class='ocrx_word' id='word_1_251' title='bbox 1645 2943 1755 2991; x_wconf 86' lang='lat' dir='ltr'>tamen</span> <span class='ocrx_word' id='word_1_252' title='bbox 1771 2947 1809 2997; x_wconf 84' lang='lat' dir='ltr'>cx</span> <span class='ocrx_word' id='word_1_253' title='bbox 1829 2926 1901 3018; x_wconf 86' lang='lat' dir='ltr'>ipla</span> 
     </span>
     <span class='ocr_line' id='line_1_24' title="bbox 432 3012 1901 3117; baseline -0.001 -24"><span class='ocrx_word' id='word_1_254' title='bbox 432 3043 629 3095; x_wconf 65' lang='lat' dir='ltr'>inuuunt</span> <span class='ocrx_word' id='word_1_255' title='bbox 653 3023 809 3095; x_wconf 84' lang='lat' dir='ltr'>sententia</span> <span class='ocrx_word' id='word_1_256' title='bbox 832 3023 908 3093; x_wconf 84' lang='lat' dir='ltr'>olibi</span> <span class='ocrx_word' id='word_1_257' title='bbox 935 3023 1088 3117; x_wconf 78' lang='lat' dir='ltr'>prolato,</span> <span class='ocrx_word' id='word_1_258' title='bbox 1113 3022 1287 3114; x_wconf 63' lang='lat' dir='ltr'>sinpliciter</span> <span class='ocrx_word' id='word_1_259' title='bbox 1306 3018 1339 3089; x_wconf 85' lang='lat' dir='ltr'>dt</span> <span class='ocrx_word' id='word_1_260' title='bbox 1358 3020 1492 3102; x_wconf 68' lang='lat' dir='ltr'>obsolute</span> <span class='ocrx_word' id='word_1_261' title='bbox 1515 3012 1620 3089; x_wconf 74' lang='lat' dir='ltr'>adeffe</span> <span class='ocrx_word' id='word_1_262' title='bbox 1641 3014 1780 3100; x_wconf 88' lang='lat' dir='ltr'>debent,</span> <span class='ocrx_word' id='word_1_263' title='bbox 1806 3043 1840 3090; x_wconf 87' lang='lat' dir='ltr'>vt</span> <span class='ocrx_word' id='word_1_264' title='bbox 1858 3020 1901 3091; x_wconf 80' lang='lat' dir='ltr'>od</span> 
     </span>
     <span class='ocr_line' id='line_1_25' title="bbox 432 3114 1900 3212; baseline -0.002 -23"><span class='ocrx_word' id='word_1_265' title='bbox 432 3144 599 3191; x_wconf 72' lang='lat' dir='ltr'>:ommonem</span> <span class='ocrx_word' id='word_1_266' title='bbox 612 3128 756 3192; x_wconf 65' lang='lat' dir='ltr'>electioni,</span> <span class='ocrx_word' id='word_1_267' title='bbox 776 3144 831 3191; x_wconf 89' lang='lat' dir='ltr'>aut</span> <span class='ocrx_word' id='word_1_268' title='bbox 847 3122 1292 3212; x_wconf 72' lang='lat' dir='ltr'>postulationis,publicationem</span> <span class='ocrx_word' id='word_1_269' title='bbox 1308 3121 1371 3204; x_wconf 85' lang='lat' dir='ltr'>rite</span> <span class='ocrx_word' id='word_1_270' title='bbox 1389 3114 1525 3210; x_wconf 87' lang='lat' dir='ltr'>procedi</span> <span class='ocrx_word' id='word_1_271' title='bbox 1542 3138 1653 3211; x_wconf 85' lang='lat' dir='ltr'>queat.</span> <span class='ocrx_word' id='word_1_272' title='bbox 1676 3114 1766 3208; x_wconf 86' lang='lat' dir='ltr'>(vid.</span> <span class='ocrx_word' id='word_1_273' title='bbox 1780 3122 1812 3209; x_wconf 83' lang='lat'>§.</span> <span class='ocrx_word' id='word_1_274' title='bbox 1825 3114 1900 3209; x_wconf 74' lang='lat' dir='ltr'>oc.)</span> 
     </span>
     <span class='ocr_line' id='line_1_26' title="bbox 432 3213 1903 3310; baseline -0.003 -21"><span class='ocrx_word' id='word_1_275' title='bbox 432 3224 569 3301; x_wconf 66' lang='lat' dir='ltr'>motolo,</span> <span class='ocrx_word' id='word_1_276' title='bbox 597 3216 866 3310; x_wconf 76' lang='lat' dir='ltr'>ingeniofillimus</span> <span class='ocrx_word' id='word_1_277' title='bbox 889 3236 1131 3286; x_wconf 71' lang='lat' dir='ltr'>mutuumve</span> <span class='ocrx_word' id='word_1_278' title='bbox 1155 3240 1265 3285; x_wconf 91' lang='lat' dir='ltr'>nouum</span> <span class='ocrx_word' id='word_1_279' title='bbox 1281 3218 1403 3285; x_wconf 88' lang='lat' dir='ltr'>iterum</span> <span class='ocrx_word' id='word_1_280' title='bbox 1424 3213 1528 3284; x_wconf 90' lang='lat' dir='ltr'>edidit</span> <span class='ocrx_word' id='word_1_281' title='bbox 1547 3236 1698 3309; x_wconf 86' lang='lat' dir='ltr'>partum,</span> <span class='ocrx_word' id='word_1_282' title='bbox 1722 3237 1903 3309; x_wconf 85' lang='lat' dir='ltr'>nempeoe·</span> 
     </span>
     <span class='ocr_line' id='line_1_27' title="bbox 432 3307 1903 3407; baseline 0.001 -24"><span class='ocrx_word' id='word_1_283' title='bbox 432 3317 587 3400; x_wconf 73' lang='lat' dir='ltr'>lediomem</span> <span class='ocrx_word' id='word_1_284' title='bbox 606 3324 728 3406; x_wconf 76' lang='lat' dir='ltr'>capituli</span> <span class='ocrx_word' id='word_1_285' title='bbox 743 3323 784 3385; x_wconf 84' lang='lat' dir='ltr'>ud</span> <span class='ocrx_word' id='word_1_286' title='bbox 806 3322 880 3384; x_wconf 76' lang='lat' dir='ltr'>duct</span> <span class='ocrx_word' id='word_1_287' title='bbox 897 3317 977 3403; x_wconf 72' lang='lat' dir='ltr'>solus</span> <span class='ocrx_word' id='word_1_288' title='bbox 995 3335 1115 3403; x_wconf 78' lang='lat' dir='ltr'>putrer,</span> <span class='ocrx_word' id='word_1_289' title='bbox 1134 3310 1156 3381; x_wconf 79' lang='lat' dir='ltr'>li</span> <span class='ocrx_word' id='word_1_290' title='bbox 1175 3313 1222 3383; x_wconf 84' lang='lat' dir='ltr'>illi</span> <span class='ocrx_word' id='word_1_291' title='bbox 1235 3363 1253 3394; x_wconf 93' lang='lat'>,.</span> <span class='ocrx_word' id='word_1_292' title='bbox 1268 3315 1326 3407; x_wconf 80' lang='lat' dir='ltr'>qui</span> <span class='ocrx_word' id='word_1_293' title='bbox 1349 3309 1576 3407; x_wconf 71' lang='lat' dir='ltr'>disperserunt</span> <span class='ocrx_word' id='word_1_294' title='bbox 1600 3335 1679 3384; x_wconf 72' lang='lat' dir='ltr'>vote</span> <span class='ocrx_word' id='word_1_295' title='bbox 1697 3307 1777 3393; x_wconf 79' lang='lat' dir='ltr'>suu,</span> <span class='ocrx_word' id='word_1_296' title='bbox 1798 3312 1848 3385; x_wconf 86' lang='lat' dir='ltr'>liti</span> <span class='ocrx_word' id='word_1_297' title='bbox 1868 3311 1903 3385; x_wconf 79' lang='lat' dir='ltr'>le</span> 
     </span>
     <span class='ocr_line' id='line_1_28' title="bbox 432 3405 1903 3505; baseline 0.001 -26"><span class='ocrx_word' id='word_1_298' title='bbox 432 3433 486 3483; x_wconf 90' lang='lat' dir='ltr'>oon</span> <span class='ocrx_word' id='word_1_299' title='bbox 503 3411 699 3493; x_wconf 77' lang='lat' dir='ltr'>immiscent.</span> <span class='ocrx_word' id='word_1_300' title='bbox 746 3417 892 3484; x_wconf 80' lang='lat' dir='ltr'>inaudito</span> <span class='ocrx_word' id='word_1_301' title='bbox 912 3407 1069 3480; x_wconf 68' lang='lat' dir='ltr'>hellenus</span> <span class='ocrx_word' id='word_1_302' title='bbox 1085 3405 1148 3479; x_wconf 89' lang='lat' dir='ltr'>fuit</span> <span class='ocrx_word' id='word_1_303' title='bbox 1162 3416 1236 3482; x_wconf 81' lang='lat' dir='ltr'>ralis</span> <span class='ocrx_word' id='word_1_304' title='bbox 1253 3415 1403 3492; x_wconf 81' lang='lat' dir='ltr'>reduliio,</span> <span class='ocrx_word' id='word_1_305' title='bbox 1424 3409 1458 3480; x_wconf 84' lang='lat' dir='ltr'>dt</span> <span class='ocrx_word' id='word_1_306' title='bbox 1484 3407 1554 3505; x_wconf 86' lang='lat' dir='ltr'>ipse</span> <span class='ocrx_word' id='word_1_307' title='bbox 1578 3428 1819 3481; x_wconf 67' lang='lat' dir='ltr'>mutuumve</span> <span class='ocrx_word' id='word_1_308' title='bbox 1836 3408 1903 3481; x_wconf 84' lang='lat' dir='ltr'>ulio</span> 
     </span>
     <span class='ocr_line' id='line_1_29' title="bbox 434 3504 1903 3603; baseline -0.002 -23"><span class='ocrx_word' id='word_1_309' title='bbox 434 3505 497 3582; x_wconf 87' lang='lat' dir='ltr'>loco</span> <span class='ocrx_word' id='word_1_310' title='bbox 519 3515 577 3597; x_wconf 86' lang='lat'>23)</span> <span class='ocrx_word' id='word_1_311' title='bbox 606 3513 748 3592; x_wconf 87' lang='lat' dir='ltr'>docuit,</span> <span class='ocrx_word' id='word_1_312' title='bbox 776 3515 891 3580; x_wconf 81' lang='lat' dir='ltr'>moioru</span> <span class='ocrx_word' id='word_1_313' title='bbox 921 3530 995 3578; x_wconf 85' lang='lat' dir='ltr'>vota</span> <span class='ocrx_word' id='word_1_314' title='bbox 1023 3512 1192 3578; x_wconf 83' lang='lat' dir='ltr'>numerari</span> <span class='ocrx_word' id='word_1_315' title='bbox 1218 3504 1370 3603; x_wconf 75' lang='lat' dir='ltr'>respeliu</span> <span class='ocrx_word' id='word_1_316' title='bbox 1395 3506 1532 3599; x_wconf 79' lang='lat' dir='ltr'>capituli</span> <span class='ocrx_word' id='word_1_317' title='bbox 1551 3528 1593 3575; x_wconf 84' lang='lat' dir='ltr'>ut</span> <span class='ocrx_word' id='word_1_318' title='bbox 1612 3510 1822 3598; x_wconf 78' lang='lat' dir='ltr'>congregatum</span> <span class='ocrx_word' id='word_1_319' title='bbox 1844 3504 1903 3578; x_wconf 87' lang='lat' dir='ltr'>est.</span> 
     </span>
     <span class='ocr_line' id='line_1_30' title="bbox 436 3601 1903 3699; baseline -0.001 -23"><span class='ocrx_word' id='word_1_320' title='bbox 436 3607 567 3678; x_wconf 82' lang='lat' dir='ltr'>Vbinam</span> <span class='ocrx_word' id='word_1_321' title='bbox 583 3610 632 3679; x_wconf 85' lang='lat' dir='ltr'>let</span> <span class='ocrx_word' id='word_1_322' title='bbox 649 3609 766 3692; x_wconf 85' lang='lat' dir='ltr'>exstat,</span> <span class='ocrx_word' id='word_1_323' title='bbox 787 3605 977 3696; x_wconf 80' lang='lat' dir='ltr'>quaeilloe,</span> <span class='ocrx_word' id='word_1_324' title='bbox 1002 3609 1058 3699; x_wconf 90' lang='lat' dir='ltr'>qui</span> <span class='ocrx_word' id='word_1_325' title='bbox 1085 3603 1312 3699; x_wconf 86' lang='lat' dir='ltr'>disperserunt</span> <span class='ocrx_word' id='word_1_326' title='bbox 1335 3626 1411 3675; x_wconf 87' lang='lat' dir='ltr'>vota</span> <span class='ocrx_word' id='word_1_327' title='bbox 1427 3602 1507 3683; x_wconf 87' lang='lat' dir='ltr'>sua,</span> <span class='ocrx_word' id='word_1_328' title='bbox 1531 3602 1563 3673; x_wconf 86' lang='lat' dir='ltr'>dt</span> <span class='ocrx_word' id='word_1_329' title='bbox 1586 3601 1635 3673; x_wconf 87' lang='lat' dir='ltr'>liti</span> <span class='ocrx_word' id='word_1_330' title='bbox 1657 3601 1688 3674; x_wconf 86' lang='lat' dir='ltr'>se</span> <span class='ocrx_word' id='word_1_331' title='bbox 1711 3627 1776 3673; x_wconf 90' lang='lat' dir='ltr'>nun</span> <span class='ocrx_word' id='word_1_332' title='bbox 1795 3606 1903 3675; x_wconf 89' lang='lat' dir='ltr'>immi·</span> 
     </span>
     <span class='ocr_line' id='line_1_31' title="bbox 436 3698 1905 3800; baseline 0.003 -30"><span class='ocrx_word' id='word_1_333' title='bbox 436 3698 529 3788; x_wconf 85' lang='lat' dir='ltr'>stent,</span> <span class='ocrx_word' id='word_1_334' title='bbox 543 3731 595 3800; x_wconf 82' lang='lat' dir='ltr'>pto</span> <span class='ocrx_word' id='word_1_335' title='bbox 613 3712 739 3776; x_wconf 85' lang='lat' dir='ltr'>mortuis</span> <span class='ocrx_word' id='word_1_336' title='bbox 755 3729 811 3775; x_wconf 82' lang='lat' dir='ltr'>tut</span> <span class='ocrx_word' id='word_1_337' title='bbox 830 3707 949 3774; x_wconf 80' lang='lat' dir='ltr'>vmbris</span> <span class='ocrx_word' id='word_1_338' title='bbox 968 3702 1146 3774; x_wconf 80' lang='lat' dir='ltr'>declaret?</span> <span class='ocrx_word' id='word_1_339' title='bbox 1168 3707 1209 3771; x_wconf 86' lang='lat' dir='ltr'>Er</span> <span class='ocrx_word' id='word_1_340' title='bbox 1225 3728 1284 3772; x_wconf 92' lang='lat' dir='ltr'>cur</span> <span class='ocrx_word' id='word_1_341' title='bbox 1302 3705 1335 3771; x_wconf 92' lang='lat' dir='ltr'>in</span> <span class='ocrx_word' id='word_1_342' title='bbox 1350 3702 1416 3773; x_wconf 80' lang='lat' dir='ltr'>&#39;hoc</span> <span class='ocrx_word' id='word_1_343' title='bbox 1443 3698 1515 3772; x_wconf 85' lang='lat' dir='ltr'>casu</span> <span class='ocrx_word' id='word_1_344' title='bbox 1538 3698 1659 3771; x_wconf 86' lang='lat' dir='ltr'>deseris</span> <span class='ocrx_word' id='word_1_345' title='bbox 1677 3725 1695 3770; x_wconf 85' lang='lat' dir='ltr'>o</span> <span class='ocrx_word' id='word_1_346' title='bbox 1715 3723 1748 3773; x_wconf 90' lang='lat' dir='ltr'>te</span> <span class='ocrx_word' id='word_1_347' title='bbox 1768 3723 1905 3798; x_wconf 84' lang='lat' dir='ltr'>qunque</span> 
     </span>
     <span class='ocr_line' id='line_1_32' title="bbox 436 3795 1901 3897; baseline 0.001 -27"><span class='ocrx_word' id='word_1_348' title='bbox 436 3808 549 3874; x_wconf 81' lang='lat' dir='ltr'>enixam</span> <span class='ocrx_word' id='word_1_349' title='bbox 574 3809 785 3875; x_wconf 79' lang='lat' dir='ltr'>uttruliiomm</span> <span class='ocrx_word' id='word_1_350' title='bbox 810 3806 932 3874; x_wconf 84' lang='lat' dir='ltr'>minoris</span> <span class='ocrx_word' id='word_1_351' title='bbox 955 3806 1053 3892; x_wconf 85' lang='lat' dir='ltr'>portis</span> <span class='ocrx_word' id='word_1_352' title='bbox 1083 3805 1125 3870; x_wconf 80' lang='lat' dir='ltr'>ud</span> <span class='ocrx_word' id='word_1_353' title='bbox 1159 3807 1323 3882; x_wconf 81' lang='lat' dir='ltr'>maiorem,</span> <span class='ocrx_word' id='word_1_354' title='bbox 1360 3795 1634 3897; x_wconf 73' lang='lat' dir='ltr'>perspicacissime</span> <span class='ocrx_word' id='word_1_355' title='bbox 1657 3802 1901 3872; x_wconf 65' lang='lat' dir='ltr'>renuuntur?</span> 
     </span>
    </p>
   </div>
   <div class='ocr_carea' id='block_1_8' title="bbox 437 3896 578 3995">
    <p class='ocr_par' dir='ltr' id='par_1_8' title="bbox 437 3896 578 3995">
     <span class='ocr_line' id='line_1_33' title="bbox 437 3896 578 3995; baseline 0 -2"><span class='ocrx_word' id='word_1_356' title='bbox 437 3896 479 3995; x_wconf 81' lang='lat' dir='ltr'>(i.</span> <span class='ocrx_word' id='word_1_357' title='bbox 505 3903 578 3993; x_wconf 85' lang='lat'><strong>¹8·)</strong></span> 
     </span>
    </p>
   </div>
   <div class='ocr_carea' id='block_1_9' title="bbox 432 4024 1906 4616">
    <p class='ocr_par' dir='ltr' id='par_1_9' title="bbox 432 4024 1906 4616">
     <span class='ocr_line' id='line_1_34' title="bbox 540 4024 1903 4126; baseline -0.004 -21"><span class='ocrx_word' id='word_1_358' title='bbox 540 4038 611 4106; x_wconf 85' lang='lat' dir='ltr'>Stet</span> <span class='ocrx_word' id='word_1_359' title='bbox 633 4035 736 4126; x_wconf 84' lang='lat' dir='ltr'>igitur</span> <span class='ocrx_word' id='word_1_360' title='bbox 758 4033 896 4104; x_wconf 85' lang='lat' dir='ltr'>immoto</span> <span class='ocrx_word' id='word_1_361' title='bbox 917 4034 1077 4104; x_wconf 86' lang='lat' dir='ltr'>communit</span> <span class='ocrx_word' id='word_1_362' title='bbox 1098 4025 1286 4113; x_wconf 82' lang='lat' dir='ltr'>sententio,</span> <span class='ocrx_word' id='word_1_363' title='bbox 1315 4031 1473 4124; x_wconf 82' lang='lat' dir='ltr'>eligibilem</span> <span class='ocrx_word' id='word_1_364' title='bbox 1493 4030 1528 4103; x_wconf 90' lang='lat' dir='ltr'>in</span> <span class='ocrx_word' id='word_1_365' title='bbox 1552 4032 1717 4106; x_wconf 73' lang='lat' dir='ltr'>eiusmodi</span> <span class='ocrx_word' id='word_1_366' title='bbox 1741 4024 1903 4103; x_wconf 89' lang='lat' dir='ltr'>concursu</span> 
     </span>
     <span class='ocr_line' id='line_1_35' title="bbox 434 4126 1906 4226; baseline -0.005 -22"><span class='ocrx_word' id='word_1_367' title='bbox 434 4150 494 4204; x_wconf 83' lang='lat' dir='ltr'>rum</span> <span class='ocrx_word' id='word_1_368' title='bbox 513 4136 669 4212; x_wconf 87' lang='lat' dir='ltr'>vincere,</span> <span class='ocrx_word' id='word_1_369' title='bbox 692 4128 713 4200; x_wconf 81' lang='lat' dir='ltr'>fi</span> <span class='ocrx_word' id='word_1_370' title='bbox 732 4155 780 4202; x_wconf 91' lang='lat' dir='ltr'>tot</span> <span class='ocrx_word' id='word_1_371' title='bbox 801 4130 859 4226; x_wconf 81' lang='lat' dir='ltr'>ipsi</span> <span class='ocrx_word' id='word_1_372' title='bbox 879 4127 1034 4222; x_wconf 77' lang='lat' dir='ltr'>suffragia</span> <span class='ocrx_word' id='word_1_373' title='bbox 1053 4126 1185 4211; x_wconf 85' lang='lat' dir='ltr'>fauent,</span> <span class='ocrx_word' id='word_1_374' title='bbox 1212 4133 1319 4222; x_wconf 78' lang='lat' dir='ltr'>utplus</span> <span class='ocrx_word' id='word_1_375' title='bbox 1334 4155 1423 4223; x_wconf 81' lang='lat' dir='ltr'>quom</span> <span class='ocrx_word' id='word_1_376' title='bbox 1437 4156 1534 4202; x_wconf 85' lang='lat' dir='ltr'>uuum</span> <span class='ocrx_word' id='word_1_377' title='bbox 1548 4157 1692 4204; x_wconf 81' lang='lat' dir='ltr'>votorum</span> <span class='ocrx_word' id='word_1_378' title='bbox 1711 4134 1804 4200; x_wconf 87' lang='lat' dir='ltr'>totius</span> <span class='ocrx_word' id='word_1_379' title='bbox 1817 4150 1906 4217; x_wconf 83' lang='lat' dir='ltr'>prae·</span> 
     </span>
     <span class='ocr_line' id='line_1_36' title="bbox 432 4227 1904 4322; baseline -0.003 -21"><span class='ocrx_word' id='word_1_380' title='bbox 432 4229 514 4309; x_wconf 76' lang='lat' dir='ltr'>(emtis</span> <span class='ocrx_word' id='word_1_381' title='bbox 530 4235 654 4322; x_wconf 84' lang='lat' dir='ltr'>capituli</span> <span class='ocrx_word' id='word_1_382' title='bbox 681 4236 803 4298; x_wconf 80' lang='lat' dir='ltr'>tertiam</span> <span class='ocrx_word' id='word_1_383' title='bbox 827 4228 956 4299; x_wconf 85' lang='lat' dir='ltr'>habeat.</span> <span class='ocrx_word' id='word_1_384' title='bbox 1008 4233 1053 4297; x_wconf 93' lang='lat' dir='ltr'>Vt</span> <span class='ocrx_word' id='word_1_385' title='bbox 1069 4234 1219 4319; x_wconf 84' lang='lat' dir='ltr'>integrum</span> <span class='ocrx_word' id='word_1_386' title='bbox 1244 4251 1341 4297; x_wconf 80' lang='lat' dir='ltr'>vnum</span> <span class='ocrx_word' id='word_1_387' title='bbox 1364 4252 1479 4301; x_wconf 90' lang='lat' dir='ltr'>votum</span> <span class='ocrx_word' id='word_1_388' title='bbox 1503 4227 1602 4322; x_wconf 85' lang='lat' dir='ltr'>supra</span> <span class='ocrx_word' id='word_1_389' title='bbox 1621 4232 1752 4301; x_wconf 83' lang='lat' dir='ltr'>tertium</span> <span class='ocrx_word' id='word_1_390' title='bbox 1771 4247 1904 4318; x_wconf 84' lang='lat' dir='ltr'>purtem</span> 
     </span>
     <span class='ocr_line' id='line_1_37' title="bbox 432 4316 1903 4420; baseline -0.001 -24"><span class='ocrx_word' id='word_1_391' title='bbox 432 4326 521 4409; x_wconf 88' lang='lat' dir='ltr'>adlit,</span> <span class='ocrx_word' id='word_1_392' title='bbox 553 4351 618 4396; x_wconf 91' lang='lat' dir='ltr'>non</span> <span class='ocrx_word' id='word_1_393' title='bbox 645 4329 774 4416; x_wconf 68' lang='lat' dir='ltr'>praecipe</span> <span class='ocrx_word' id='word_1_394' title='bbox 795 4330 1000 4420; x_wconf 88' lang='lat' dir='ltr'>requiritur,</span> <span class='ocrx_word' id='word_1_395' title='bbox 1038 4328 1115 4420; x_wconf 84' lang='lat' dir='ltr'>quit</span> <span class='ocrx_word' id='word_1_396' title='bbox 1136 4320 1287 4395; x_wconf 86' lang='lat' dir='ltr'>Pontifex</span> <span class='ocrx_word' id='word_1_397' title='bbox 1310 4326 1396 4407; x_wconf 79' lang='lat' dir='ltr'>inc.</span> <span class='ocrx_word' id='word_1_398' title='bbox 1413 4354 1471 4416; x_wconf 83' lang='lat'>40.</span> <span class='ocrx_word' id='word_1_399' title='bbox 1490 4326 1687 4400; x_wconf 73' lang='lat' dir='ltr'>elellionem</span> <span class='ocrx_word' id='word_1_400' title='bbox 1711 4316 1903 4394; x_wconf 83' lang='lat' dir='ltr'>confirmari</span> 
     </span>
     <span class='ocr_line' id='line_1_38' title="bbox 432 4420 1904 4519; baseline -0.004 -23"><span class='ocrx_word' id='word_1_401' title='bbox 432 4424 539 4508; x_wconf 89' lang='lat' dir='ltr'>iubet,</span> <span class='ocrx_word' id='word_1_402' title='bbox 564 4420 586 4495; x_wconf 90' lang='lat' dir='ltr'>li</span> <span class='ocrx_word' id='word_1_403' title='bbox 607 4443 682 4493; x_wconf 83' lang='lat' dir='ltr'>uoto</span> <span class='ocrx_word' id='word_1_404' title='bbox 698 4423 928 4514; x_wconf 76' lang='lat' dir='ltr'>postulantium,</span> <span class='ocrx_word' id='word_1_405' title='bbox 955 4446 1100 4516; x_wconf 89' lang='lat' dir='ltr'>quorum</span> <span class='ocrx_word' id='word_1_406' title='bbox 1115 4446 1273 4494; x_wconf 77' lang='lat' dir='ltr'>numerus</span> <span class='ocrx_word' id='word_1_407' title='bbox 1287 4446 1386 4495; x_wconf 83' lang='lat' dir='ltr'>cerrus</span> <span class='ocrx_word' id='word_1_408' title='bbox 1402 4422 1637 4519; x_wconf 76' lang='lat' dir='ltr'>ignorabatur,</span> <span class='ocrx_word' id='word_1_409' title='bbox 1660 4424 1746 4512; x_wconf 83' lang='lat' dir='ltr'>duplo</span> <span class='ocrx_word' id='word_1_410' title='bbox 1761 4424 1904 4491; x_wconf 78' lang='lat' dir='ltr'>maiorem</span> 
     </span>
     <span class='ocr_line' id='line_1_39' title="bbox 432 4514 1902 4616; baseline -0.003 -22"><span class='ocrx_word' id='word_1_411' title='bbox 432 4548 492 4594; x_wconf 83' lang='lat' dir='ltr'>uon</span> <span class='ocrx_word' id='word_1_412' title='bbox 512 4519 662 4593; x_wconf 85' lang='lat' dir='ltr'>fecerent</span> <span class='ocrx_word' id='word_1_413' title='bbox 682 4544 859 4600; x_wconf 86' lang='lat' dir='ltr'>numerum</span> <span class='ocrx_word' id='word_1_414' title='bbox 878 4543 979 4613; x_wconf 89' lang='lat' dir='ltr'>quam</span> <span class='ocrx_word' id='word_1_415' title='bbox 1002 4526 1052 4590; x_wconf 83' lang='lat'>16.</span> <span class='ocrx_word' id='word_1_416' title='bbox 1074 4541 1150 4590; x_wconf 85' lang='lat' dir='ltr'>voto</span> <span class='ocrx_word' id='word_1_417' title='bbox 1166 4525 1352 4614; x_wconf 74' lang='lat' dir='ltr'>eligentium.</span> <span class='ocrx_word' id='word_1_418' title='bbox 1392 4514 1569 4593; x_wconf 82' lang='lat' dir='ltr'>Nimirum</span> <span class='ocrx_word' id='word_1_419' title='bbox 1587 4517 1766 4616; x_wconf 75' lang='lat' dir='ltr'>aliquando</span> <span class='ocrx_word' id='word_1_420' title='bbox 1787 4539 1902 4590; x_wconf 84' lang='lat' dir='ltr'>nume·</span> 
     </span>
    </p>
   </div>
   <div class='ocr_carea' id='block_1_10' title="bbox 432 4598 1922 4790">
    <p class='ocr_par' dir='ltr' id='par_1_10' title="bbox 432 4598 1922 4790">
     <span class='ocr_line' id='line_1_40' title="bbox 432 4598 1922 4788; baseline -0.008 -95"><span class='ocrx_word' id='word_1_421' title='bbox 432 4641 658 4695; x_wconf 74' lang='lat' dir='ltr'>:devotorum</span> <span class='ocrx_word' id='word_1_422' title='bbox 680 4637 763 4690; x_wconf 83' lang='lat' dir='ltr'>totus</span> <span class='ocrx_word' id='word_1_423' title='bbox 787 4620 823 4688; x_wconf 92' lang='lat' dir='ltr'>in</span> <span class='ocrx_word' id='word_1_424' title='bbox 841 4638 904 4690; x_wconf 81' lang='lat' dir='ltr'>tres</span> <span class='ocrx_word' id='word_1_425' title='bbox 921 4639 1036 4728; x_wconf 83' lang='lat' dir='ltr'>perrea</span> <span class='ocrx_word' id='word_1_426' title='bbox 1057 4622 1283 4788; x_wconf 60' lang='lat' dir='ltr'>mquollpsfnpn</span> <span class='ocrx_word' id='word_1_427' title='bbox 1301 4614 1361 4691; x_wconf 88' lang='lat' dir='ltr'>uili</span> <span class='ocrx_word' id='word_1_428' title='bbox 1382 4598 1624 4717; x_wconf 47' lang='lat' dir='ltr'>§suediam</span> <span class='ocrx_word' id='word_1_429' title='bbox 1642 4616 1751 4692; x_wconf 88' lang='lat' dir='ltr'>diuidi</span> <span class='ocrx_word' id='word_1_430' title='bbox 1774 4612 1922 4785; x_wconf 57' lang='lat' dir='ltr'>poreq,</span> 
     </span>
     <span class='ocr_line' id='line_1_41' title="bbox 1275 4738 1906 4790; baseline 0.003 -2"><span class='ocrx_word' id='word_1_431' title='bbox 1275 4742 1295 4788; x_wconf 82' lang='lat'><em>2</em></span> <span class='ocrx_word' id='word_1_432' title='bbox 1846 4738 1906 4790; x_wconf 74' lang='lat' dir='ltr'>ate</span> 
     </span>
    </p>
   </div>
   <div class='ocr_carea' id='block_1_11' title="bbox 0 0 2396 5550">
    <p class='ocr_par' dir='ltr' id='par_1_11' title="bbox 0 0 2396 5550">
     <span class='ocr_line' id='line_1_42' title="bbox 0 0 2396 5550; baseline 0 0"><span class='ocrx_word' id='word_1_433' title='bbox 0 0 2396 5550; x_wconf 95' lang='lat' dir='ltr'> </span> 
     </span>
    </p>
   </div>
  </div>
 </body>
</html>
