4784 5550
479 625 555 708 ne
570 622 744 706 nactur.
769 623 944 704 noant
961 625 1184 708 aaronis
1202 593 1397 709 accras.
1414 629 1721 721 rnaocnnta.
1738 635 1806 717 se.
1823 595 1896 738 ἠς

430 811 607 897 tittenres,
629 833 668 884 ut
692 811 818 884 vicarii
840 809 976 908 quidam
998 809 1165 884 Altarium
1183 810 1365 887 minilleria
1388 838 1606 912 peragerent,
1637 815 1792 892 monaehi
1815 841 1898 894 vera

430 911 544 986 editus
561 907 778 984 Eccleliarum
802 913 1034 1007 perciperent,
1061 909 1226 984 alimentis
1242 915 1379 985 Vicario
1400 911 1672 998 subministratis,
1696 940 1734 988 ea
1753 915 1826 1012 lege
1842 915 1899 990 ad·

430 1007 523 1092 etta,
548 1031 604 1092 ut,
629 1009 895 1106 quandocunque
912 1010 1067 1080 Vicarius
1088 1007 1290 1100 decederet,
1326 1011 1410 1082 ulter
1429 1035 1448 1082 a
1472 1013 1650 1086 Monaehia
1671 1009 1898 1102 sufficeretur,

430 1109 534 1184 adem
562 1105 726 1180 solutione
750 1113 898 1204 pecuniae
922 1130 1001 1199 erga
1026 1103 1230 1202 Episcopum
1251 1103 1430 1206 defunslis.
1478 1112 1605 1182 Vitarii
1628 1111 1680 1182 illi
1704 1134 1763 1196 aut
1781 1115 1898 1208 potius

430 1205 598 1302 iugularts
614 1204 845 1298 Collegiorum
861 1202 983 1275 Clerici
1000 1203 1050 1275 vel
1065 1204 1226 1276 Monachi
1244 1204 1284 1276 de
1298 1209 1445 1280 Decimii
1456 1206 1622 1302 ejusmodi
1635 1206 1796 1294 investiti,
1815 1233 1901 1306 quo·

430 1329 494 1379 rum
515 1326 626 1376 morte
649 1305 889 1374 interveniente
908 1302 1018 1373 denuo
1035 1301 1238 1374 redimendae
1253 1297 1405 1388 fuerant,
1432 1304 1581 1379 Personae
1603 1303 1798 1380 dicebantur
1817 1311 1901 1380 tritu

430 1405 507 1476 ruric
532 1400 714 1483 vocabulo,
749 1399 980 1472 &solutiones
1001 1400 1065 1469 itlae
1086 1403 1286 1496 pecuniario
1309 1403 1477 1476 Altarium
1499 1403 1772 1500 redemptiones:
1812 1407 1900 1502 Qae

430 1527 480 1575 tor
494 1501 598 1596 perita
615 1524 653 1571 er
670 1495 907 1570 beneficiorum
923 1497 977 1570 leu
996 1494 1175 1570 feudorum
1191 1495 1269 1581 usu,
1296 1500 1466 1595 inquibus
1480 1501 1681 1586 invaluerat,
1696 1523 1734 1574 ut
1748 1501 1899 1576 Domino

430 1623 509 1673 terra
529 1600 669 1692 pecunia
686 1596 890 1693 penderetur
908 1619 972 1690 pro
991 1620 1075 1667 nova
1099 1593 1309 1680 investitura,
1342 1624 1415 1694 quae
1436 1599 1563 1672 heredi
1582 1599 1690 1670 ultimi
1711 1583 1900 1694 pollelloris

431 1694 632 1770 concedenda
647 1718 730 1767 erat.
771 1702 883 1786 Atque
900 1694 963 1764 hoc
980 1693 1244 1766 emolumentum
1266 1695 1508 1792 redemptionis
1529 1701 1664 1768 nomine
1681 1692 1900 1788 significarunt

432 1790 504 1886 suit,
516 1871 520 1878 ,
533 1793 566 1865 dt
581 1792 763 1864 hodiedum
779 1783 988 1882 significatur.
1004 1789 1051 1887 b).
1092 1794 1199 1862 Porro
1215 1793 1284 1864 hec
1302 1795 1310 1861 i
1340 1791 1370 1864 sa
1387 1794 1576 1888 redemptio
1591 1793 1820 1866 Concilioruan
1836 1815 1899 1891 per

431 1891 476 1966 sua
489 1895 624 1964 decreta
640 1891 855 1962 Decimarum
872 1887 1120 2004 devoolurioncm
1142 1888 1183 1959 ad
1201 1818 1406 1965 Monolerir
1429 1893 1726 1964 &canonicorum
1746 1890 1900 1984 Collegit
1917 1893 1920 1900 '

430 1983 1904 2188 tdfflss'tffll‘sl‘lstt:‘“2332⁶„1l¹5223srl;2‘fsilllttszslltlttti
2010 2079 2013 2084 ·
2077 2027 2089 2034 ’

432 2209 518 2260 trum
536 2180 595 2256 libi
621 2183 777 2256 accedere
794 2179 968 2266 viderent;
1003 2182 1153 2253 mirum!
1187 2205 1310 2279 quanta
1331 2187 1548 2257 Decimarum
1569 2209 1609 2256 co
1635 2187 1667 2255 ia
1691 2184 1731 2255 ad
1751 2184 1905 2278 Collegit

435 2283 461 2358 d
477 2279 682 2356 Monalleria
700 2276 872 2375 Episcopis
889 2281 989 2350 etiam
1006 2275 1286 2358 consentientibus
1299 2280 1505 2364 transiverit3
1533 2209 1717 2377 presertim
1731 2305 1809 2354 cum
1823 2281 1906 2380 Epi·
1943 2339 1948 2352 ,

436 2379 534 2483 scupis
549 2381 650 2454 eriam
665 2374 905 2453 resistentibus
920 2372 1069 2451 recursui
1088 2375 1130 2448 ad
1148 2378 1268 2452 Sedem
1284 2379 1469 2454 Romanam
1483 2378 1576 2453 loeus
1592 2401 1725 2477 pareret
1741 2381 1790 2472 c).

983 2598 985 2601 ·
1073 2541 1107 2688 qss
1157 2583 1256 2661 xit.

463 2786 465 2791 -
544 2734 705 2835 Aequalis
726 2734 860 2830 Religio
877 2757 944 2811 non
966 2757 1081 2809 omnes
1099 2736 1217 2808 Laicos
1235 2732 1340 2808 duxit.
1389 2731 1545 2830 Plerique
1570 2734 1624 2807 hia
1646 2740 1911 2814 excommunico

444 2834 577 2911 tianilsus
598 2859 808 2909 contumaces
830 2833 870 2904 ab
886 2828 1229 2931 entiqurposselstone
1252 2826 1470 2902 Ecclefitrum
1486 2829 1551 2904 live
1568 2837 1785 2909 Decimarum
1804 2837 1912 2911 diseeo'

445 2932 715 3009 detenoluerunt.
760 2938 843 3004 Nec
868 2955 1045 3029 praetextus
1068 2925 1246 3009 iisdesuit.
1296 2930 1521 2999 Dominorum
1542 2930 1650 3012 enim,
1675 2934 1806 3025 Regum
1822 2937 1914 3007 vide·
2033 3009 2043 3031 ,

445 3028 528 3117 lieet,
554 3030 710 3127 aquibus
731 3027 817 3126 sepe
843 3034 875 3100 in
897 3025 1036 3101 feudum
1060 3052 1114 3100 eas
1138 3047 1423 3119 recognoverant,
1457 3021 1648 3099 consensum
1673 3026 1911 3114 necesarium.

436 3136 579 3227 'tumque
594 3126 736 3202 deficere
753 3124 979 3200 causabantur.
1030 3132 1140 3199 Fuere
1159 3149 1268 3239 tamen
1290 3123 1464 3206 nonnulli,
1486 3126 1545 3219 qui
1564 3129 1595 3194 V
1598 3104 1787 3199 asellisluis
1801 3128 1841 3198 ad
1861 3130 1944 3198 in·-

445 3222 582 3303 llautiam
602 3225 845 3325 Episcoporum
867 3222 1007 3297 liberam
1026 3228 1183 3299 Decimus
1194 3249 1240 3390 pn
1261 3218 1437 3296 Ecclesiam
1454 3216 1698 3309 transferendi,
1731 3225 1785 3299 vel
1801 3225 1914 3299 eidem

456 3348 458 3353 ·
1070 3334 1078 3351 '
1242 3343 1315 3416 yt
1857 3347 1911 3399 re·

476 3450 511 3577 s)
534 3490 587 3557 Ex
604 3491 664 3553 hac
686 3489 844 3552 Altarium
866 3488 1087 3571 redemptione
1104 3486 1234 3552 deducit
1251 3485 1386 3552 Parrus
1404 3508 1450 3551 nr
1469 3486 1597 3551 nicaen
1609 3489 1641 3552 in
1660 3486 1758 3552 Notis
1780 3448 1818 3551 ad
1836 3488 1914 3558 Can.

549 3596 582 3719 p.
605 3573 705 3636 Cone.
732 3571 969 3635 claromonten.
991 3572 1116 3634 initium
1137 3570 1223 3633 illius
1247 3569 1506 3639 consuetudinis,
1530 3588 1602 3651 qoae
1629 3570 1859 3635 Monachorum
1880 3574 1918 3638 dc

466 3696 468 3703 ·
578 3656 786 3717 aoonicorum
806 3654 956 3735 exemplo
976 3652 1101 3715 inducta
1121 3651 1185 3725 est,
1209 3651 1343 3723 scilicet,
1362 3664 1400 3714 ut
1416 3650 1530 3714 Clerici
1552 3670 1680 3733 quoque
1695 3652 1917 3719 abstinentesa
2041 3688 2063 3719 x

551 3728 760 3808 sacerdotio,
784 3755 839 3817 per
860 3736 1037 3797 substitutas
1057 3734 1205 3817 personas
1226 3734 1277 3797 seu
1300 3734 1447 3801 Viearios
1477 3732 1625 3797 Ecclestis
1649 3736 1863 3811 deservirent,
1883 3736 1920 3802 dc
2004 3792 2014 3811 ,

552 3819 592 3882 ad
605 3819 634 3881 se
654 3818 814 3881 traherent
834 3817 1060 3879 emolumenta.
1104 3816 1208 3893 Quam
1222 3815 1483 3879 consuetudinem
1502 3826 1650 3897 tanquam
1671 3818 1774 3882 saeculi
1788 3821 1831 3884 sui
1846 3840 1920 3882 cor·
2027 3868 2032 3879 ,

553 3901 709 3982 ruptelam
727 3900 922 3962 multitudini
937 3897 1163 3961 beneficiorum
1178 3898 1339 3961 laventem
1362 3898 1490 3971 Joartrt.
1509 3896 1811 3964 Sauraaanrarasta
1841 3902 1920 3964 Pali·

552 3985 660 4048 tratr'rt'
677 3980 745 4044 Lib.
768 3979 844 4076 Vll.
864 3982 935 4063 Cup.
951 3978 1071 4077 ¹XVJI.
1093 3980 1253 4061 redarguit
1275 3978 1308 4043 dr
1328 3978 1473 4075 sugillat,
1492 3980 1660 4077 inquiens:
1690 3980 1800 4065 Utique
1817 3980 1922 4079 &sn-

548 4063 971 4226 llssiztzlsll‘tnlls
984 4062 1923 4229 ltltl⁰ttszsftsnsslttllsits?·illlttlst':

553 4226 722 4310 sacerdotio
740 4230 884 4299 ulterari,
908 4235 963 4288 aut
975 4223 1095 4306 seruire
1114 4229 1247 4298 altario,
1265 4228 1320 4307 qut'
1340 4225 1375 4287 dt
1394 4227 1507 4289 altario
1528 4229 1656 4297 vivunt,
1677 4244 1731 4296 nt,
1748 4238 1783 4289 tat
1795 4232 1925 4311 populus

546 4313 686 4391 ,argum
707 4311 804 4371 dicum
827 4311 1058 4378 luxuriantum
1078 4306 1134 4389 sed
1150 4306 1329 4389 personatus
1345 4308 1494 4390 quosdam
1512 4308 1775 4382 introduxerunt,
1794 4329 1926 4393 quarunt

553 4391 628 4477 jare
643 4392 685 4455 ad
705 4393 800 4453 alium
823 4388 1001 4472 referuntur
1020 4390 1229 4454 emolumenta.

480 4510 518 4597 r)
537 4508 718 4575 Concilium
735 4506 932 4572 lllelsrtanum
948 4506 1001 4570 snb
1023 4506 1174 4571 Uannrao
1190 4506 1232 4572 ll.
1256 4506 1332 4572 Can.
1345 4525 1375 4588 5.
1396 4504 1563 4569 consensus
1579 4504 1775 4589 Episcopalir
1798 4508 1928 4574 necem·

561 4602 660 4655 tatem
684 4593 843 4654 innovans
863 4591 944 4653 haue
963 4588 1129 4652 clausulam
1154 4590 1290 4671 adiecit:
1307 4589 1394 4665 „Qui
1411 4586 1624 4669 (Episcopus)
1640 4587 1662 4652 li
1682 4588 1788 4654 sorsan
1807 4594 1931 4673 improa

562 4674 695 4751 „bltstis
715 4683 770 4736 sut
788 4672 931 4735 avaritiae
962 4672 1052 4733 causa
1080 4668 1258 4735 consentire
1279 4669 1436 4742 noluerit,
1463 4668 1609 4732 Romano
1629 4669 1776 4743 Pontifici
1800 4675 1930 4741 nuntie-

564 4764 660 4832 „tur,
680 4755 714 4822 dt
732 4774 805 4823 cum
819 4755 889 4839 ejus
907 4754 1055 4833 licentia,
1077 4754 1164 4839 quod
1185 4750 1383 4821 offerendum
1397 4750 1458 4829 est,
1479 4750 1642 4824 offeratur.
1653 4795 1677 4835 „
