4784 5550
445 633 517 774 3'70
896 661 1478 744 otsstaurncto

446 817 547 924 ¹luisse
561 842 636 943 quia
657 836 840 916 crederet?
868 837 1062 936 Siquidem,
1087 838 1267 936 quominus
1286 838 1387 912 etiam
1410 833 1538 935 pollent
1557 842 1665 936 leget
1686 861 1758 916 tam
1776 841 1866 920 Ecclt

450 945 558 1026 llice,
577 964 677 1039 quam
696 939 860 1021 Politice,
878 935 911 1010 dt
932 938 1084 1009 utilitatis
1103 933 1321 1009 Ecclestatum
1339 939 1390 1008 nel
1403 940 1517 1034 potine
1534 935 1734 1016 inutilitatis
1750 945 1841 1014 tatio
1860 967 1866 1040 p

453 1040 601 1122 bibebat.
650 1034 801 1110 Historit
821 1058 956 1134 quoquc
974 1035 1071 1108 docet
1092 1032 1294 1132 posteriores
1320 1036 1379 1106 has
1406 1032 1651 1133 Episcopotnm
1677 1035 1865 1113 infeudatio

453 1136 674 1217 Ecclefiarum
698 1132 955 1222 indemnitati&
976 1129 1219 1204 conservationi
1236 1133 1444 1230 aliquatenus
1471 1131 1686 1232 prospeeilse.
1735 1143 1825 1211 Cum
1848 1163 1866 1212 e

456 1236 652 1335 Capitulum
668 1227 890 1306 Sueffionense
902 1227 1090 1328 postulasset
1102 1231 1143 1302 ab
1161 1234 1468 1306 luuocetcrto
1489 1235 1553 1312 lll.
1565 1233 1735 1308 licentium
1747 1235 1866 1309 redimi

456 1338 634 1417 Decimae,
652 1356 725 1430 que
741 1325 830 1401 infre
847 1328 928 1402 linea
944 1330 1182 1400 Paroeltiarum
1197 1324 1298 1424 ipsura
1315 1329 1462 1426 Capituli
1478 1332 1512 1400 in
1527 1326 1701 1408 seudume
1723 1337 1834 1405 Laicie
1855 1337 1866 1405 ι’

456 1433 640 1514 debentur,
663 1452 736 1501 eam
757 1423 947 1500 facultatem
968 1428 1084 1500 annuit
1105 1429 1166 1498 hac
1186 1426 1298 1499 addito
1319 1424 1488 1501 clausula:
1517 1431 1646 1522 Proviso
1670 1435 1864 1504 niiilrniner

456 1533 598 1625 conserta
617 1527 767 1616 servitia,
784 1529 826 1597 ad
842 1521 1010 1618 qneflLeiti
1025 1548 1078 1617 prr
1098 1529 1230 1598 Decimii
1252 1527 1295 1596 ilii
1319 1527 1446 1612 Eceiede
1469 1528 1668 1610 tenebantur,
1688 1534 1784 1600 etiarn
1795 1531 1857 1624 pepi

457 1635 588 1708 erenum
606 1631 678 1700 teiit
696 1626 884 1696 venditionis
902 1625 1096 1714 inpendent,
1117 1643 1183 1696 tttrt
1203 1626 1246 1694 ed
1265 1647 1313 1695 eos
1335 1633 1466 1717 pretinm
1479 1629 1624 1718 prevenit
1641 1631 1818 1702 retardent.
1864 1689 1866 1698 .

453 1733 541 1828 ferte
555 1747 619 1800 tent
638 1725 750 1795 inedito
767 1727 864 1817 pretio
887 1725 990 1794 veiint
1008 1721 1063 1813 effe
1080 1725 1232 1804 contenti,
1250 1724 1329 1814 qaod
1339 1725 1373 1792 oi
1394 1725 1446 1793 bne
1466 1723 1595 1808 rectene
1614 1726 1652 1794 ei
1668 1729 1824 1800 exeditur
1845 1727 1866 1810 d

461 1833 573 1904 tierent
591 1828 726 1903 iiirrern,
745 1839 891 1914 tenpeene
903 1843 957 1914 pro
974 1822 1173 1915 redemptione
1193 1823 1316 1912 majoris
1330 1822 1524 1905 incomnrtdi,
1544 1826 1866 1894 tenuate-vetunt

460 1951 532 2001 nere
549 1925 596 2017 ι).
644 1919 797 1992 Servitiie
820 1913 1043 2001 militariboe,
1069 1940 1146 1989 eum
1170 1915 1320 1988 Ecclestae
1335 1919 1386 1990 lte
1406 1916 1534 1989 rurales
1555 1943 1622 1990 nou
1646 1919 1853 2013 indigerent,

461 2045 553 2099 certe
574 2041 677 2092 onero
696 2017 803 2088 Laicis
828 2011 1053 2087 incumbentia
1082 2015 1311 2108 indigitantur.
1362 2019 1404 2087 Et
1424 2015 1495 2086 hcc
1522 2012 1544 2087 li
1571 2016 1753 2090 revenditie
1773 2021 1866 2090 ctiam

461 2115 620 2196 Ecclesas
640 2116 789 2228 Decimio
809 2108 995 2252 conserpori
1016 2112 1212 2227 uoluerunt,
1238 2111 1354 2227 endem
1375 2117 1409 2185 in
1433 2109 1636 2228 concessione
1660 2117 1822 2282 primeva
1843 2119 1866 2186 ll

461 2205 1866 2408 lz‘llllillltlltlzlll‘ltlll‘till,tllliulzllllli‘lu

1070 2521 1108 2611 §-
1155 2518 1327 2596 XXVI.

582 2688 702 2764 Eidem
723 2708 903 2789 propterea
922 2647 1118 2783 obligationi
1140 2689 1340 2787 pollerioree
1360 2715 1495 2792 quoqne
1512 2687 1774 2766 Constitutionee
1789 2685 1866 2763 Eeclt

467 2788 553 2865 llice
567 2789 767 2867 inlliterunt.
815 2786 987 2861 consentit
1008 2793 1225 2863 Recreatus
1252 2796 1524 2865 citonnruua
1540 2797 1601 2885 a),
1627 2792 1686 2885 qui
1704 2789 1866 2861 alteratur

466 2891 655 2986 godonem,
681 2890 792 2960 oneris
811 2882 944 2958 fabricae
960 2890 1115 2958 comitem
1133 2885 1165 2957 dt
1184 2886 1426 2985 pedissequam,
1453 2890 1607 2962 uidelicet
1629 2888 1821 2984 supplendae
1841 2890 1866 2957 P:

464 2990 606 3062 chorum
622 2987 662 3057 ab
681 2988 721 3056 iis
738 2982 929 3082 presentari
948 2981 1122 3056 solitorum
1145 2990 1310 3079 portionis
1331 3012 1506 3080 congrue,
1539 2990 1689 3059 Decimio
1714 2982 1866 3059 Ecclesell

466 3112 485 3159 e
509 3088 617 3157 Laicis
637 3109 771 3180 quoque
788 3079 930 3178 possessis
947 3085 1122 3153 imminete
1139 3110 1177 3154 ex
1199 3091 1288 3156 cleu·¹
1319 3093 1376 3158 Ure.
1395 3094 1431 3156 te
1448 3091 1530 3184 Jere
1547 3109 1630 3181 petr.
1650 3084 1803 3165 deducit,
1827 3106 1866 3179 qo

466 3188 516 3259 ria
533 3184 588 3253 ille
602 3183 643 3254 dc
656 3178 870 3251 Monalleriis
887 3179 918 3251 ἃ
935 3181 1100 3276 Capitulis
1118 3179 1236 3254 diserte
1252 3188 1418 3266 enuntiet,
1447 3186 1652 3279 &concepta
1667 3180 1718 3263 stt,
1761 3185 1817 3253 elit
1829 3204 1866 3253 cn

469 3292 640 3360 Caternrn,
663 3284 742 3371 qnod
757 3282 869 3348 dicitnr
884 3282 914 3346 in
930 3282 982 3353 cit.
1000 3282 1092 3349 clem.
1108 3286 1137 3358 1.
1152 3284 1368 3371 Ecclesiastico
1376 3283 1531 3377 personas,
1550 3308 1609 3374 qne
1625 3284 1760 3351 Decimii
1773 3286 1866 3373 potiar

466 3384 506 3451 td
520 3401 649 3471 congrae
666 3379 809 3471 portionis
820 3376 999 3468 fhittionem
1016 3383 1136 3468 tergeri,
1165 3383 1252 3449 civile
1271 3384 1356 3450 morlo
1376 3384 1575 3474 accipiendam
1593 3380 1650 3471 est,
1678 3382 1714 3447 de
1727 3385 1787 3459 its,
1811 3402 1866 3470 pte

465 3473 609 3561 πλῶςον,
631 3499 689 3545 nnn
706 3498 766 3566 qne
783 3478 819 3545 ἐκ
836 3465 1003 3572 napundpe
1017 3477 1174 3557 occident,
1199 3484 1382 3572 quippenam
1398 3479 1517 3571 profani
1536 3480 1667 3547 inminet
1685 3480 1866 3569 regulariter

468 3573 632 3661 tiefieliicir
654 3574 735 3643 bonis
756 3596 813 3642 non
831 3573 999 3664 fruentur,
1032 3593 1134 3663 utpote
1153 3575 1311 3666 sterterent
1335 3576 1529 3669 peffeffiontenr
1550 3580 1712 3667 inceperet.
1766 3577 1818 3644 Sin
1838 3596 1866 3641 er

468 3677 577 3745 Leitrts
591 3672 734 3764 fingnieri
752 3674 834 3768 Jnrr
848 3672 975 3761 pandent
987 3667 1055 3758 snos
1065 3670 1164 3760 seties
1180 3698 1278 3742 rernm
1298 3678 1421 3757 Etaielie
1432 3671 1571 3764 studies,
1596 3678 1652 3742 ‘cei
1666 3676 1760 3741 etiarn
1776 3673 1866 3741 citent«

467 3776 550 3870 Jure
571 3771 767 3854 decrementi,
797 3790 861 3837 tum
880 3790 911 3836 eo
930 3771 1102 3858 experiendi
1118 3770 1245 3860 poteslas
1268 3775 1326 3840 erit
1347 3777 1500 3862 patainei
1526 3774 1682 3841 Sacerdoti
1703 3773 1746 3838 ad
1762 3773 1858 3838 dedite

466 3872 555 3941 tionis
573 3869 776 3945 ceiietinnern,
796 3864 970 3954 [difidinrin
984 3867 1086 3949 saltim
1106 3872 1225 3943 ordine,
1251 3869 1311 3958 popl
1332 3869 1462 3959 exteeffes
1484 3873 1664 3938 clericorem
1676 3866 1782 3957 [aeres
1801 3870 1866 3936 Deci

467 3971 498 4037 in
513 3971 612 4035 client
631 3968 753 4053 pererit
770 3962 821 4039 fibi
833 3964 997 4052 lamentet.
1049 3964 1122 4031 Has
1142 3963 1399 4036 Constitutioncs
1421 3970 1622 4035 recentiores
1643 3967 1804 4035 innovans
1824 3967 1866 4033 Co

467 4065 550 4135 lium
572 4058 812 4129 Tridetttinum
831 4058 870 4154 i)
891 4055 1018 4141 liatuit,
1050 4083 1165 4132 omncs
1189 4062 1281 4143 illos,
1317 4068 1373 4158 qui
1400 4067 1554 4133 Decimae
1578 4063 1629 4132 uel
1658 4059 1789 4132 fruetus
1812 4061 1866 4152 aliq

468 4186 506 4233 ex
531 4152 681 4231 Eeclcstia
705 4156 938 4252 provenientes
961 4158 1173 4251 percipiunt,
1205 4160 1244 4229 ad
1271 4162 1470 4253 reparandas
1495 4156 1650 4231 Ecclesiae
1673 4168 1779 4232 teneri
1795 4165 1826 4230 in
1840 4154 1866 4226 su

469 4259 581 4340 dium,
611 4278 688 4325 cum
710 4256 857 4324 Decimae
878 4255 964 4324 intro
985 4251 1170 4326 dillrislum
1188 4258 1415 4329 Perochralem
1434 4256 1599 4329 noscentes
1622 4254 1772 4331 Ecclesia
1791 4254 1866 4351 cjuat

469 4356 509 4427 de
526 4359 609 4451 Jure
626 4353 796 4423 communi
820 4348 977 4433 addisic,
1011 4374 1110 4447 atquc
1128 4379 1166 4427 ea
1188 4354 1244 4425 illa
1268 4359 1447 4453 provenire
1464 4353 1666 4452 ceul'ctutuc.
1718 4364 1831 4521 ilttpup¹
1842 4351 1866 4419 id

1834 4468 1866 4541 ⁰8

509 4560 539 4639 c)
559 4556 681 4624 Innoc.
699 4557 756 4624 ill.
774 4558 839 4623 Lib.
854 4555 911 4624 IV.
931 4550 1023 4640 Epist.
1039 4574 1069 4640 9.

506 4679 542 4755 a)
565 4675 632 4740 Lib.
648 4694 678 4757 3.
696 4675 734 4737 de
748 4673 840 4739 Polit.
857 4671 944 4738 Eccl.
964 4676 1011 4739 tit.
1026 4691 1056 4753 4.
1074 4691 1104 4737 n.
1121 4688 1173 4745 20,

498 4791 536 4870 b)
557 4786 631 4853 Seli.
648 4786 738 4853 xxi.
754 4789 914 4875 Capilli
930 4792 970 4857 de
988 4784 1128 4862 Reform.
