4784 5550
497 553 740 706 rrrrrrrto
759 615 1147 701 orsconervnao
1169 613 1315 700 cent.
1334 615 1401 702 oa
1415 617 1602 716 Jontrt.
1622 619 1815 704 carae.
1869 651 1940 726 ιη

439 819 451 874 .“
488 810 633 889 clericor,
659 807 693 878 id
708 804 772 888 eli,
792 809 967 880 exercitam
978 807 1058 877 iirca
1075 806 1241 887 clericos,
1256 817 1412 901 tanquam
1427 810 1586 879 materiam
1600 805 1683 900 legis
1699 809 1737 881 C.
1756 813 1938 888 exercitum

483 908 687 986 inClericoa‚
718 927 875 1002 tanquam
891 908 1055 997 judiciium
1075 907 1158 998 legis
1176 909 1228 976 N.
1243 909 1433 1000 Imperator
1454 907 1530 976 tulit
1552 907 1635 978 hanc
1656 907 1766 1000 legem
1786 909 1938 1007 (nempe

408 915 439 1346 s
477 1011 493 1076 l.
509 1033 554 1078 π.
573 1015 610 1086 f.
635 1033 662 1074 r.
689 1013 724 1074 6.
741 1007 777 1073 de
792 1005 884 1095 Epilo-
905 1009 939 1078 ld
959 1007 1063 1096 cor.)
1079 1029 1144 1073 non
1164 1008 1304 1085 clericis,
1326 1028 1370 1073 ne
1394 1003 1535 1074 audeant
1554 1005 1688 1098 jurate,
1715 1005 1769 1075 l'ed
1789 1015 1937 1098 seculari·

472 1108 516 1174 lrs
528 1107 697 1194 judicebus,
724 1126 766 1170 ne
787 1102 954 1182 elericos,
979 1102 1037 1173 lite
1053 1099 1215 1198 pullinos,
1240 1101 1499 1194 compellerent,
1526 1105 1566 1173 ad
1588 1101 1806 1198 praestandam
1822 1111 1935 1201 [ubje-
2040 1177 2050 1184 ,

469 1225 594 1276 tanente
615 1203 827 1284 contionem
854 1203 971 1298 inquo
988 1197 1116 1274 secutos
1132 1198 1178 1272 est
1197 1198 1305 1272 sacros
1318 1223 1474 1272 conones·

577 1459 609 1502 a.
636 1435 680 1502 D.
710 1439 823 1500 Contra
841 1429 898 1520 est:
927 1429 960 1498 in
979 1425 1144 1508 clericos,
1173 1452 1330 1528 tanquam
1346 1427 1511 1524 srtljrclum
1532 1433 1622 1526 legis,
1646 1433 1842 1526 recognovit
1863 1389 1937 1508 lio·

460 1531 572 1604 corius
600 1535 773 1602 Monimo
794 1523 987 1624 potestatem
1006 1525 1241 1620 legislativtm:
1268 1533 1348 1622 qnod
1368 1533 1478 1624 prole:
1499 1533 1545 1601 nir
1561 1529 1629 1628 ipl'e
1647 1535 1841 1602 Honorius:
1865 1537 1937 1628 legi·

459 1633 509 1700 las
527 1633 723 1722 comperimus
739 1628 793 1720 affe
810 1649 945 1706 trtrtunr,
971 1645 1005 1693 nt
1021 1629 1116 1694 nulus
1134 1629 1266 1695 Clericus
1282 1631 1388 1718 jurave
1407 1629 1563 1722 prefitmot
1581 1657 1595 1701 .·
1609 1629 1673 1701 hoc
1691 1637 1784 1702 certe'
1798 1629 1842 1702 est
1860 1638 1887 1702 le
1907 1637 1935 1703 i·

462 1729 512 1796 les
527 1729 678 1820 prrltbcre
696 1729 816 1796 clericis
832 1727 1018 1813 jurantcntr'.
1069 1725 1158 1814 Ergo
1181 1723 1302 1794 Clerici
1322 1748 1433 1808 crant,
1458 1749 1524 1794 non
1541 1749 1668 1798 tantum
1691 1731 1853 1819 odierium,
1879 1655 1936 1801 lgcd

464 1829 558 1898 etiarn
573 1827 753 1917 (illicilum,
773 1823 882 1910 legum
900 1819 1161 1914 prohibentium.
1202 1823 1406 1912 Confirrnarur
1422 1847 1460 1895 er
1476 1821 1692 1897 ulteriortbus
1708 1825 1818 1896 verbis
1835 1827 1934 1922 hojo!

458 1947 582 1997 certus:
618 1927 697 1993 lllud
714 1921 933 2012 constitutionis
956 1923 1101 2000 elidum,
1126 1921 1173 1987 uli
1198 1927 1306 1990 Clerici
1319 1927 1427 2012 jurare
1446 1925 1659 2016 prohibentur:
1686 1928 1783 1995 item:
1814 1929 1935 2000 &divi

453 2027 571 2098 Marti
595 2021 832 2104 corstitutioninr
849 2021 894 2084 ita
915 2021 1107 2108 interpretari
1129 2019 1234 2086 debere
1255 2022 1455 2102 decurrimus,
1483 2043 1518 2089 ut
1540 2026 1582 2091 ad
1594 2031 1722 2094 onmium
1738 2027 1935 2110 Ecclefiarron

457 2125 585 2192 clericor
606 2121 791 2212 gencrrltrer
804 2117 955 2208 pertinere
971 2117 1146 2204 judicetur:
1169 2139 1251 2206 ergo
1272 2115 1380 2186 voluit
1394 2119 1570 2188 Honorius
1586 2121 1757 2216 imperiali
1775 2121 1933 2190 conilitu-

457 2221 539 2290 tioni
555 2213 680 2288 inbelle
696 2237 811 2284 onrnee
829 2211 978 2282 Clericos
1016 2215 1053 2282 C.
1081 2211 1219 2306 Explico
1243 2215 1292 2284 τὸ
1308 2221 1516 2308 conperimus,
1538 2217 1570 2285 id
1590 2215 1654 2296 est,
1681 2217 1823 2287 relatum
1838 2217 1933 2289 nobie

451 2313 519 2398 erl,
545 2315 609 2386 hoc
625 2309 687 2385 elle
704 2309 831 2404 legibus
847 2332 980 2378 cautum
998 2311 1035 2378 C.
1053 2307 1159 2404 rcipl'a
1178 2310 1306 2400 legibus
1323 2335 1456 2381 cautum
1475 2309 1539 2383 fuit
1562 2319 1610 2383 N.
1628 2339 1702 2382 nam
1723 2313 1733 2382 l
1767 2341 1820 2402 25·
1847 2319 1876 2404 o.
1900 2341 1932 2389 t.

453 2403 492 2486 C.
509 2423 562 2484 De
581 2411 711 2506 Epistop.
728 2436 792 2479 non
813 2407 893 2478 dicit
910 2407 1064 2477 Clericis:
1090 2411 1188 2476 nullas
1201 2405 1453 2502 ccfirvmjnrare
1466 2413 1637 2504 prasumat,
1656 2409 1709 2480 sed
1727 2409 1831 2482 solum
1851 2417 1934 2482 Prae·
2018 2433 2026 2440 ·

448 2507 547 2602 feilo
564 2515 741 2606 pretorio:
768 2509 897 2577 cautioni
915 2507 1092 2574 clericorum
1107 2510 1219 2575 nulum
1235 2507 1378 2594 insertum
1392 2511 1430 2589 fit
1448 2514 1673 2598 juranrrntumt
1699 2513 1866 2604 qnoniam,
1880 2517 1935 2584 Ec·

449 2613 623 2700 clefiassrtis
645 2613 772 2700 regalis,
800 2607 835 2680 l?
861 2611 981 2672 Conone
1002 2607 1054 2690 {ua
1073 2609 1179 2673 Clerici
1196 2610 1306 2696 jurare
1325 2609 1540 2698 prohibentur:
1563 2633 1629 2678 non
1645 2603 1725 2678 fecit
1741 2631 1824 2700 ergo
1839 2611 1934 2679 Man·

450 2709 570 2783 cianus
589 2709 622 2777 in
636 2705 701 2777 hoc
716 2705 822 2795 legem
839 2697 996 2781 clericis,
1018 2693 1070 2770 led
1086 2701 1232 2789 {adama
1250 2707 1393 2776 Parrrlrs
1413 2701 1446 2775 [υ
1500 2701 1600 2787 osuit,
1624 2707 1831 2801 eandemque
1852 2707 1932 2803 aju-

448 2804 588 2881 dicrbus
606 2804 811 2875 secularibus
829 2804 861 2870 in
881 2800 1064 2869 reverentia
1078 2796 1201 2871 habere
1214 2801 1331 2873 voluit.
1366 2808 1438 2871 'Ad
1500 2806 1706 2892 firmationem
1724 2806 1932 2901 respondeo,

446 2906 525 2981 hec
545 2899 645 2976 verba
665 2902 828 2972 contineri
849 2904 879 2967 in
899 2918 985 2991 parte
1011 2906 1178 2969 narrative
1194 2898 1350 2993 capituli,
1375 2922 1440 2967 non
1462 2902 1494 2967 in
1513 2902 1705 2993 dispofisin
1730 2928 1804 2999 que
1826 2904 1931 2975 modo

451 3004 578 3099 incipit
595 2996 753 3074 averbis:
780 3002 844 3087 ejus
861 3000 983 3087 itaque,
1011 2992 1133 3066 &sunt
1150 2995 1250 3067 verba
1270 3002 1539 3089 legisperitorum,
1565 2999 1764 3081 volentium,
1792 3001 1932 3073 clericor

449 3100 512 3175 sub
529 3124 627 3197 pona
642 3096 829 3193 rejiciendae
847 3088 984 3164 aelionis
1001 3092 1251 3186 compellendos
1268 3090 1329 3164 esse
1356 3094 1636 3191 adjuramentum
1660 3098 1832 3169 calumnie
1847 3122 1933 3195 prae·

450 3198 626 3277 llandum,
650 3194 730 3267 srcut
745 3192 991 3289 compelluntur
1004 3190 1089 3263 laici.
1131 3190 1183 3265 Ad
1201 3188 1405 3287 postremum
1423 3190 1546 3289 pallum
1562 3194 1654 3277 dico,
1671 3196 1741 3267 htec
1757 3194 1818 3268 elle
1830 3194 1932 3268 verba

450 3296 628 3380 Honorii,
656 3296 736 3389 quin
752 3315 860 3362 tamen
879 3292 964 3385 Papa
977 3286 1144 3379 agnoscat,
1171 3313 1233 3386 per
1248 3287 1514 3361 constitutionem
1533 3295 1696 3363 Marcioni
1716 3300 1933 3390 clericospro·
1957 3314 1965 3331 ¹

457 3392 568 3467 hiberi
590 3392 722 3487 jurate3
755 3388 811 3463 sed
833 3410 958 3460 tontum
981 3390 1133 3479 seculares
1147 3392 1282 3481 judices,
1312 3412 1355 3461 ne
1376 3388 1417 3460 ab
1443 3388 1513 3462 ullo
1535 3388 1668 3463 Clerico
1694 3394 1825 3485 erigant
1841 3390 1933 3488 jora·
2022 3384 2033 3391 ’

452 3514 525 3567 tem
541 3512 739 3565 cautionem.

572 3750 603 3819 ς.
624 3725 670 3793 D.
689 3729 803 3791 Contra
815 3716 857 3812 est
882 3744 911 3789 a.
926 3721 975 3788 lta
990 3718 1183 3807 recognovit
1200 3718 1233 3786 in
1250 3739 1344 3811 parte
1360 3718 1525 3789 narrative
1536 3718 1933 3813 HonorittedegeMarp

452 3829 532 3899 dari
549 3846 684 3895 eentum
708 3814 789 3900 elle.
821 3841 856 3889 ut
872 3817 980 3887 nullus
1005 3817 1153 3897 Clericus
1165 3815 1280 3910 jurare
1295 3814 1488 3912 presumat,
1512 3814 1592 3888 srcut
1613 3822 1834 3911 recognovit„
1855 3816 1932 3903 scri·

452 3947 552 4023 ptum
567 3918 630 3994 elle
646 3922 679 3988 in
694 3918 767 4009 lege
783 3919 970 4014 justiniani,
987 3938 1023 3984 ut
1039 3940 1154 3985 omnes
1170 3916 1370 4009 principales
1388 3912 1536 4010 personne
1554 3913 1690 3989 subeant
1701 3918 1931 4014 juramentum

451 4024 648 4100 columma
675 4018 766 4109 atqui
779 4018 937 4105 secundum
961 4014 1157 4102 recognovit
1177 4036 1214 4083 ut
1232 4037 1364 4083 verum:
1391 4037 1473 4105 ergo
1490 4012 1523 4083 dr
1538 4020 1679 4107 primam.
1729 4020 1767 4087 C.
1795 4037 1861 4088 ant.
1878 4012 1931 4093 N.

452 4144 532 4195 nam
550 4124 648 4211 quoad
667 4136 795 4208 primm
810 4112 906 4181 diritt
934 4134 1053 4181 cautum
1073 4110 1129 4201 effe
1146 4115 1356 4203 corripuimus:
1382 4110 1414 4179 dr
1435 4118 1535 4201 quand
1548 4116 1710 4201 secundum
1731 4114 1828 4185 dixit:
1855 4108 1929 4184 alili

453 4244 532 4294 vm
547 4220 698 4310 reperitur
717 4211 865 4299 (criptam.
917 4210 996 4279 Vid.
1012 4206 1146 4295 Discors.
1161 4212 1237 4279 alet.
1255 4232 1326 4276 num
1353 4234 1409 4294 3⁰·
1460 4212 1501 4278 Et
1525 4207 1602 4287 ltcet
1622 4214 1804 4282 invenerim
1821 4212 1855 4279 in
1872 4208 1932 4281 ali·

455 4340 522 4415 qno
536 4314 655 4387 codice
670 4312 772 4381 MSto
788 4304 898 4377 stneli
917 4308 1114 4393 Maximini,
1140 4312 1198 4401 qui
1222 4302 1267 4375 est
1290 4303 1354 4377 stne
1370 4300 1500 4398 glolits,
1528 4310 1706 4401 reperimus,
1731 4302 1860 4401 lapsum
1883 4324 1932 4403 tp}

454 4424 529 4487 men
544 4412 663 4487 calami
680 4404 816 4487 censeo,
840 4408 917 4498 quia
932 4403 1054 4479 ibidem
1072 4403 1138 4474 duo
1159 4404 1216 4474 olii
1229 4405 1361 4480 codices
1382 4408 1492 4489 Msti,
1515 4429 1592 4479 cum
1605 4400 1730 4483 nostris
1748 4406 1867 4491 tribus,
1895 4404 1930 4509 ᾴ

454 4508 616 4613 impreffia
630 4504 808 4589 omnibus,
834 4503 963 4597 legunt:
986 4504 1226 4601 comperimus.
1897 4496 1902 4507 '

1200 4710 1272 4782 1³2
1823 4700 1930 4801 olli.
