4784 5550
382 621 454 708 ‚ao
473 615 571 696 ctu.
590 616 619 693 ι.
641 613 710 692 ou
730 609 1173 712 tutamentum.
1196 591 1750 698 reueratoucou'ruc.
1780 646 1848 725 ιο.

315 851 335 896 -.
386 827 435 898 rap.
450 830 481 874 a.
505 805 543 872 de
556 803 640 896 pri-v.
655 803 686 870 in
703 810 735 870 6.
762 793 835 874 ubi:
862 801 971 894 vigeat
983 797 1124 893 stadium
1141 803 1222 896 iaris
1237 801 1359 882 divini,
1384 803 1419 878 ld
1441 802 1582 887 lamani,
1608 806 1741 882 canonici
1761 814 1850 884 vide·

315 883 339 998 ,¹
380 911 457 982 lieet,
482 903 515 978 {r
538 903 652 974 tioilr's.
703 903 746 970 D.
772 898 1029 992 Megillraliter:
1060 900 1091 970 in
1116 924 1207 973 textu
1223 922 1255 971 te
1277 900 1374 974 video
1392 898 1455 972 elle
1478 900 1664 979 versatum:
1692 906 1791 982 Adde
1807 911 1850 984 ad

315 1051 333 1096 3
375 997 575 1100 prodendam
590 1021 679 1070 tuam
695 1001 1007 1090 interpretationem
1023 1010 1096 1071 can.
1119 1029 1146 1072 r.
1171 996 1245 1072 dill.
1267 1027 1321 1072 ro.
1350 1009 1423 1094 cap.
1442 1026 1473 1086 3.
1493 1006 1524 1070 in
1543 1003 1597 1090 fia.
1618 1009 1655 1074 de
1672 1008 1770 1092 tellis.
1785 1033 1851 1108 erg.
1899 1025 1908 1040 '

315 1155 325 1198 ,Ι
374 1121 428 1197 up.
447 1115 504 1178 re.
529 1102 568 1170 de
584 1103 716 1182 Sitrae„
741 1099 811 1169 iuro
830 1096 862 1170 dt
878 1103 970 1170 Nau.
996 1123 1073 1186 ¹37·
1100 1105 1130 1169 in
1144 1099 1264 1193 prefer.
1290 1097 1382 1193 Qtid
1396 1095 1548 1172 observas
1568 1107 1701 1197 porro?

534 1316 596 1382 4¹·
646 1294 684 1365 C.
700 1293 844 1364 Manent
859 1315 898 1364 ex
915 1285 1086 1390 prediilia
1104 1289 1216 1367 verbis
1232 1295 1450 1394 interpretes,
1470 1297 1545 1388 jara
1561 1319 1766 1396 apparenter
1782 1325 1852 1376 tart·

369 1397 460 1470 tutia
482 1387 526 1464 fic
549 1389 709 1488 explicari
731 1386 872 1472 debere,
900 1414 936 1464 ut
959 1386 1108 1462 servetur
1124 1397 1253 1465 iurantia
1273 1397 1453 1489 utriusque
1472 1393 1574 1487 juria:
1610 1407 1686 1468 Cam
1707 1406 1849 1495 expediat

366 1495 543 1570 maaian
564 1495 636 1580 jara
652 1489 789 1582 jairiles,
816 1491 972 1564 &aarum
998 1495 1208 1572 tortelliano,
1236 1492 1265 1578 fi
1280 1493 1422 1586 sustineri
1442 1496 1592 1575 ualeant,
1620 1501 1749 1570 evitari.
1773 1524 1846 1594 cap.
1889 1529 1894 1538 ·

370 1617 417 1682 ap.
442 1589 485 1662 de
506 1585 607 1662 elesl.
629 1589 663 1658 in
684 1596 718 1660 6.
749 1589 794 1665 D.
818 1588 859 1658 Et
875 1586 939 1658 hoe
960 1582 1034 1667 liet,
1063 1583 1135 1659 siin
1156 1588 1231 1679 lege
1247 1594 1401 1661 aaarraria
1421 1615 1486 1661 non
1509 1612 1576 1662 tam
1597 1588 1745 1666 servetur
1763 1602 1847 1688 rigor

366 1693 544 1770 uolutant,
570 1691 814 1781 quarninraaria
829 1683 1050 1778 legislatoris:
1075 1708 1152 1758 eum
1170 1684 1348 1760 seeundum
1372 1691 1408 1759 B.
1428 1695 1607 1776 Gregoriam
1623 1692 1722 1762 rerba
1739 1699 1844 1767 interr·

373 1787 447 1862 tioni
460 1782 658 1860 deserviant.
683 1806 746 1876 rap.
767 1811 825 1859 ar.
844 1790 936 1876 princ.
953 1787 989 1853 dt
1001 1788 1140 1877 appellat.
1192 1785 1293 1880 Qtud
1309 1785 1445 1882 quidem
1463 1783 1584 1858 Glolsae
1596 1792 1760 1862 monirutn
1779 1793 1845 1864 huo

372 1885 519 1984 potdrrt,
548 1880 571 1954 ll
588 1881 734 1953 divinam
750 1880 858 1972 legem
874 1905 949 1952 cum
966 1880 987 1954 l.
1005 1903 1035 1952 a.
1063 1883 1102 1952 C.
1118 1884 1150 1952 lt.
1169 1905 1193 1952 t.
1212 1907 1466 1978 comparemus3
1491 1907 1567 1956 tunc
1584 1889 1673 1956 enim
1686 1892 1783 1958 uerba
1794 1913 1847 1982 ge·

353 1991 476 2058 -retalra
498 1984 654 2055 humanat
676 1977 875 2050 videbantur
896 1977 1063 2049 nonnullis
1082 1977 1211 2052 oblltre
1233 1979 1438 2076 dispositioni
1458 1982 1542 2075 legis
1561 1983 1699 2069 divina3
1725 1983 1846 2058 fitero

314 2157 318 2175 Ι
373 2085 469 2176 legent
488 2105 547 2175 ²5·
574 2085 608 2166 §.
631 2105 662 2148 ι.
688 2081 728 2150 C.
746 2077 787 2148 de
807 2077 916 2171 Epile.
934 2101 1010 2146 cum
1028 2075 1101 2168 lege
1119 2078 1231 2148 divina
1245 2077 1478 2166 conferamus,
1504 2105 1569 2150 nun
1584 2084 1724 2177 quadrat
1738 2083 1849 2157 obser·

314 2245 321 2262 ,
376 2185 470 2254 ratio:
497 2178 660 2277 quoniam
676 2173 822 2270 idipsum
841 2173 1040 2270 loquebatur
1055 2196 1218 2270 utraque,
1239 2176 1306 2264 ita,
1332 2200 1369 2248 ut
1383 2200 1450 2248 non
1470 2173 1575 2248 suerit
1589 2201 1676 2273 opus
1693 2180 1847 2258 laborare

314 2271 319 2284 '
375 2275 670 2358 lteomordrntir,
687 2272 719 2346 dt
739 2269 874 2345 dimiffis
891 2271 1027 2345 alteriue
1038 2271 1120 2366 legia
1137 2272 1247 2346 verbis
1257 2271 1387 2348 servare
1397 2276 1616 2348 intentionem
1630 2279 1819 2376 utriusque.

532 2497 591 2559 42.
643 2473 679 2540 C.
701 2465 764 2539 Sed
782 2471 825 2538 D.
878 2470 1042 2540 Bi'lrmtrtts
1065 2473 1168 2541 Senior
1185 2472 1219 2539 in
1239 2474 1316 2568 Jur.
1331 2475 1432 2540 eccles.
1455 2470 1641 2557 Pratestrar,
1664 2475 1715 2546 lib.
1738 2504 1765 2546 ι.
1788 2481 1842 2549 tir.

380 2599 420 2646 ιι.
438 2583 468 2662 §.
489 2597 547 2642 at.
564 2571 630 2644 ait.
656 2569 849 2637 Honorium
873 2567 926 2636 hie
943 2590 1041 2658 agere
1059 2563 1228 2639 infelicem
1251 2574 1471 2662 interpretem
1493 2567 1574 2661 legis
1592 2579 1778 2656 arartiani3
1802 2600 1845 2646 eo

377 2673 448 2766 quod
470 2669 561 2740 dicat
590 2667 626 2756 r)
642 2661 909 2736 constitutionem
930 2663 1020 2734 illam
1042 2688 1060 2733 a
1081 2676 1201 2737 Marta
1223 2664 1373 2757 Augullo
1401 2672 1557 2758 cpolitano
1575 2665 1737 2744 Praefeilo
1755 2675 1844 2744 Prte-

313 2822 323 2839 .
376 2774 446 2843 turio
459 2765 731 2867 promulgarem,
758 2761 791 2834 dt
820 2764 858 2853 a)
874 2761 913 2834 td
931 2761 1070 2834 clericos
1086 2764 1427 2857 constantinopolitanas
1441 2760 1625 2839 rellrillam
1642 2765 1755 2853 suill'e,
1781 2796 1843 2846 trec

313 2854 320 2953 ζ
374 2868 502 2941 adeline
518 2867 708 2965 pertinere,
731 2858 822 2957 quod
838 2883 1020 2956 utrumque
1035 2856 1153 2933 salsum
1169 2860 1219 2938 stt.
1268 2866 1314 2941 D.
1335 2866 1504 2935 Ba'bmerar
1523 2868 1738 2941 Seniarvalde
1757 2870 1847 2942 iodi-

373 2954 481 3041 herus
497 2984 572 3041 erat
588 2960 773 3033 inroranda
790 2962 1066 3054 interpretatione
1080 2960 1152 3034 RR.
1168 2958 1387 3033 Pontificum:
1406 2958 1532 3056 ubique
1542 2967 1730 3057 conquirit,
1747 2968 1842 3062 quod

313 3052 316 3129 Ῐ
372 3060 512 3159 ῌΙει,
538 3083 675 3157 quoque
689 3056 777 3152 ipsos
793 3052 891 3129 faciat
908 3060 940 3127 in
956 3060 1031 3153 jure
1046 3058 1184 3128 idiotas:
1209 3083 1269 3129 eur
1287 3081 1431 3153 propter
1446 3064 1555 3131 diuam
1570 3070 1743 3141 Marcam,
1769 3066 1844 3137 loro

369 3166 546 3243 Marciani,
570 3160 796 3235 nominatum,
823 3154 910 3228 solus
924 3162 1073 3251 carpitur
1092 3158 1257 3245 Pontifex?
1281 3182 1389 3227 noune
1413 3160 1508 3252 prior
1526 3160 1558 3227 in
1576 3160 1640 3231 ltno
1666 3158 1776 3245 lapsus
1793 3160 1841 3235 eil

368 3268 548 3355 luperatar,
573 3255 668 3350 cujus
695 3254 793 3325 rerba
809 3251 973 3350 assumpsit
989 3249 1163 3325 Pontifex?
1188 3254 1242 3327 nd
1270 3252 1354 3325 solos
1374 3262 1545 3344 Opalitanas
1566 3249 1709 3329 elericoa'
1730 3260 1840 3353 legem

369 3359 529 3431 ldeteieni
546 3380 614 3427 non
633 3349 798 3424 restrinxit
816 3359 983 3433 Hortarius,
1007 3354 1077 3423 iuro
1092 3351 1368 3448 deelaravitjuxra
1385 3350 1581 3425 decisionem
1600 3363 1743 3439 Henriei,
1767 3385 1843 3431 eam

365 3460 404 3529 aa
415 3462 543 3530 amar
556 3452 742 3542 etelefiarrrrrr
757 3455 876 3523 clericas
893 3453 1080 3547 pertinere:
1107 3447 1162 3523 sed
1184 3450 1254 3523 haee
1268 3448 1432 3524 testrielio
1456 3450 1588 3524 volebat
1611 3452 1685 3527 lieri
1697 3478 1751 3547 per
1770 3482 1844 3529 aar·

364 3558 452 3629 ratu
468 3556 690 3649 legisperitos:
713 3550 807 3646 Saepe
821 3549 964 3645 capitula
980 3556 1011 3620 ia
1025 3570 1112 3641 parte
1127 3554 1294 3621 narrative
1308 3570 1438 3645 ponunt
1452 3549 1578 3645 aliquid
1590 3572 1644 3647 per
1658 3556 1779 3625 madan
1795 3557 1842 3629 al·

313 3718 314 3725 ,
359 3656 515 3748 jeliiaeit,
536 3673 603 3723 nou
618 3672 670 3744 per
684 3652 802 3719 tradam
812 3648 966 3739 laurentia
975 3653 1098 3747 proprie
1114 3645 1215 3744 ipstut
1230 3651 1327 3745 Papae
1347 3648 1522 3719 narrantis.

520 3870 582 3939 43.
631 3847 671 3919 C.
694 3840 776 3917 Sed!
804 3868 872 3940 quo
888 3838 986 3941 pusio
1007 3840 1157 3915 servatur
1178 3841 1319 3917 intentio
1334 3845 1447 3913 diuina
1464 3844 1499 3920 8
1515 3845 1649 3915 bumana
1669 3842 1756 3939 legis
1779 3871 1843 3944 per

361 3945 442 4031 hoe,
466 3944 562 4043 quod
579 3942 720 4016 clericus
733 3966 800 4013 nou
816 3946 1004 4034 eampalarar
1021 3941 1154 4037 jurare,
1179 3937 1238 4011 nist
1254 3941 1355 4011 etiarn
1366 3943 1558 4033 prohibeatur
1572 3940 1709 4036 jurare?
1730 3950 1776 4017 D.
1789 3954 1845 4017 In·

359 4050 453 4163 tertia
467 4046 648 4160 utriusque
659 4039 742 4134 legi·
756 4040 826 4113 haec
840 4036 903 4123 eil,
928 4060 966 4111 ut
979 4038 1120 4151 elerieur
1137 4038 1235 4207 ppffinr
1246 4036 1362 4132 jurare
1378 4036 1629 4154 prohibeatur,
1641 4040 1719 4114 lieet
1729 4047 1842 4156 'verba

358 4136 1159 4329 DiffiT‘illis?dilatetis.
1181 4159 1274 4331 “ian
1295 4136 1842 4329 {tllll.¹¹355,.lztl¹,⁰”:l¹.

359 4346 462 4417 hient
471 4342 679 4435 generaliter,
705 4338 741 4409 ld
757 4335 949 4426 indistiniliar
964 4338 1088 4428 alligari
1103 4338 1143 4402 ad
1155 4337 1361 4423 juramentum
1376 4340 1552 4405 calumnia:
1578 4336 1637 4403 sea
1656 4336 1755 4405 elerici
1776 4338 1841 4429 pas·

354 4442 406 4531 fita
414 4446 524 4535 jurare
535 4436 749 4532 prabilentrtr:
777 4456 844 4526 erga
861 4458 918 4503 ttae
933 4436 1040 4503 debent
1060 4436 1266 4525 generaliter,
1299 4434 1333 4509 Θ
1350 4433 1541 4527 ἐιιΜιίιᾶιίιι
1556 4432 1679 4523 alligari
1699 4438 1741 4505 ad
1758 4439 1844 4525 iare·

356 4562 487 4613 uertere
505 4537 673 4609 calumnia.
732 4534 769 4603 C.
790 4534 882 4625 Ergo
899 4526 1013 4601 saltem
1035 4526 1140 4626 posset
1157 4529 1316 4615 clericus,
1341 4530 1496 4611 livellat,
1520 4525 1635 4621 jurare
1657 4530 1698 4603 de
1719 4533 1845 4608 calum·

356 4638 428 4731 nir,
452 4636 532 4739 quit
554 4630 664 4711 solutu
688 4628 828 4719 dicitur,
853 4652 931 4705 euru
957 4653 1025 4702 nno
1050 4624 1115 4703 else
1130 4630 1370 4725 compellandam.
1414 4630 1460 4702 D.
1482 4626 1563 4701 Hae
1585 4650 1654 4703 nou
1670 4625 1841 4729 sequitur3

1758 4750 1843 4825 quo·
