4784 5550
768 610 1530 746 nqvootsnuonomtqomssos.
1816 557 1887 731 ..ς

425 820 465 872 4.
484 783 627 862 iubentes
644 791 861 867 &exercentes
876 793 923 859 iuc
938 787 1093 882 suffragii:
1123 814 1177 866 14.
1192 787 1262 886 (qui
1277 792 1388 882 vtique
1403 794 1534 864 ntndnm
1550 796 1627 880 duct
1640 800 1751 871 terticc
1765 809 1889 898 expient

420 897 501 964 rinte
520 895 561 962 ed
579 890 767 983 capitutum)
786 885 953 983 postulone
975 891 1110 970 Titium,
1137 909 1170 976 7.
1186 888 1315 979 eligunt
1335 895 1459 970 Guium,
1488 912 1520 977 3.
1539 898 1648 986 reliqui
1663 902 1695 967 in
1709 904 1804 971 eiiutn
1819 928 1886 975 cett·

420 997 508 1063 ciunt
524 1008 628 1060 vetut
652 992 699 1057 bic
713 990 864 1076 censemus
883 988 1103 1055 admittendam
1119 982 1174 1075 effe
1191 983 1448 1080 postulationem
1470 992 1566 1070 Titii,
1592 1016 1658 1061 cuno
1680 1017 1760 1066 vote
1778 1004 1811 1069 in
1828 1005 1887 1073 dte·

420 1093 443 1158 io
461 1095 594 1160 vincent
612 1090 780 1158 eiectionem
799 1089 878 1157 ccii.
922 1086 960 1152 lot
978 1082 1046 1172 cusu
1065 1081 1221 1169 conuerso,
1244 1085 1273 1172 fi
1293 1109 1304 1151 t
1315 1108 1348 1176 3.
1361 1082 1526 1180 postulent
1544 1090 1681 1180 Totiurtt,
1709 1115 1742 1183 7.
1757 1094 1883 1185 eligant

420 1193 531 1267 ¹uiuite,
558 1209 593 1271 4.
615 1188 667 1254 eiii
682 1189 713 1253 in
737 1189 812 1254 elios
832 1202 910 1253 vote
924 1182 1113 1275 dispergunt,
1138 1181 1341 1273 confirmanda
1358 1188 1417 1251 enit
1437 1187 1537 1253 erectt’n
1558 1191 1644 1268 cuii,
1669 1213 1746 1281 quae
1764 1198 1884 1281 quidem

420 1307 459 1360 tn
473 1285 563 1373 sude
581 1282 623 1371 est
639 1284 676 1350 ei
691 1305 757 1352 vna
775 1287 868 1350 tercie
879 1286 971 1349 totius
989 1283 1140 1371 Capituli,
1161 1279 1218 1370 sed
1234 1282 1440 1373 tumendupdn
1455 1305 1513 1350 ntn
1529 1288 1685 1354 exceditur
1699 1312 1718 1357 ι
1734 1287 1885 1381 postulun-
1995 1333 2001 1344 ·

419 1385 491 1456 iitct.
542 1385 634 1450 Retio
654 1378 753 1467 nostra
772 1378 814 1466 el!
837 1401 876 1447 ex
900 1381 931 1452 d.
956 1400 984 1454 c.
1008 1401 1067 1463 40.
1086 1378 1141 1447 vti
1165 1381 1211 1446 itu
1238 1377 1385 1461 Pontifex
1405 1384 1557 1450 Maximo
1575 1388 1709 1454 Numerio
1730 1391 1882 1461 mandet:

419 1473 648 1572 'postulantes
667 1471 965 1568 Archiepiscopum
991 1473 1096 1568 duplo
1121 1477 1283 1545 maiorem
1310 1471 1458 1547 foderent
1475 1501 1672 1562 numerum,
1698 1497 1797 1576 quom
1826 1492 1880 1561 t6.

420 1573 562 1648 textores
573 1573 727 1654 Plebtcti,
751 1595 785 1642 tu
802 1597 872 1643 vtce
890 1569 997 1642 nostra
1013 1567 1270 1666 postmittionem
1288 1571 1460 1645 admittas:
1487 1573 1577 1670 quod
1597 1573 1619 1646 fi
1635 1576 1879 1655 adficiendum

419 1675 505 1768 rupto
523 1671 686 1766 mojorem
709 1695 884 1741 numerum
903 1665 997 1739 fimul
1021 1693 1135 1740 omncs
1154 1669 1317 1765 proediiii
1335 1673 1473 1742 minime
1500 1667 1704 1757 sufficerent,
1738 1676 1882 1772 postula·

419 1773 487 1844 ione
503 1766 635 1864 tepulso
652 1766 848 1839 eleiiionem
863 1766 997 1837 Plebani
1016 1765 1213 1849 austeritate
1233 1765 1341 1839 nostro
1363 1767 1552 1848 confirmet.
1604 1780 1722 1866 Aperte
1736 1779 1782 1846 dic
1799 1781 1880 1849 Pon·

419 1869 478 1960 dex
493 1872 743 1958 temperationem
761 1872 842 1935 inter
861 1867 935 1955 opsoc
961 1865 1141 1959 pullulantes
1162 1867 1197 1940 id
1216 1872 1360 1959 eligentes
1378 1867 1484 1951 fluitem
1504 1870 1570 1954 fieri
1587 1875 1684 1942 vuit:
1719 1897 1771 1943 totc
1788 1876 1878 1965 quid.

419 1991 485 2038 xeno
501 1970 593 2044 dicit,
619 1986 697 2036 vote
711 1964 925 2055 postulantium
942 1963 1069 2055 respediu
1085 1963 1172 2053 ipfiut
1186 1970 1319 2056 Capituli
1334 1968 1408 2033 dnus
1426 1971 1535 2035 terties
1551 1968 1663 2054 efficere
1681 1958 1795 2042 debere.
1836 1979 1879 2041 Et

419 2066 534 2136 'exiliter
547 2088 605 2134 nttt
626 2064 754 2148 statuit,
779 2086 936 2131 numerum
952 2060 1084 2140 condere
1101 2061 1207 2130 debete
1222 2086 1288 2131 vro
1302 2067 1395 2131 terrie
1414 2069 1566 2157 cepituii,
1586 2067 1641 2151 led
1658 2069 1815 2157 indefinite
1831 2074 1879 2139 cit

419 2163 629 2254 infirmandum
647 2166 836 2239 edediionem,
854 2160 885 2247 fi
902 2182 1042 2228 uumerus
1054 2153 1269 2250 'postulantium
1286 2183 1344 2229 non
1353 2161 1457 2250 suerit
1476 2165 1607 2233 nicenum
1622 2183 1755 2238 tuntutn.
1791 2170 1879 2264 Qie

419 2281 465 2354 rgo
479 2264 513 2330 ito
530 2259 637 2346 nestris
653 2263 795 2349 exemptis
808 2259 1009 2350 precdcriptuc
1026 2258 1208 2325 conditiones
1228 2278 1408 2341 occurrunt,
1443 2280 1502 2330 ortt
1522 2258 1583 2348 cst,
1607 2283 1650 2332 vc
1670 2267 1764 2332 edient
1787 2283 1878 2333 textit

418 2361 474 2430 end
490 2354 654 2448 expressum
672 2359 897 2430 nosedduntut.
948 2351 1115 2446 Respondet
1138 2377 1301 2437 nonnemo,
1333 2355 1389 2445 effe
1405 2356 1593 2443 vetossmiie,
1618 2363 1698 2448 quod
1724 2373 1779 2431 ed.
1794 2380 1876 2431 vm
1982 2431 1990 2438 ,

418 2457 568 2550 figentium
583 2459 614 2522 in
629 2455 698 2543 cusu
719 2475 823 2522 textus
844 2454 938 2523 tertie
951 2473 1023 2544 pers
1038 2452 1174 2536 fuerint,
1199 2452 1365 2536 vniuerfitn
1382 2469 1441 2530 et.
1463 2473 1553 2525 vote.
1612 2461 1724 2530 Verrem
1742 2461 1775 2527 id
1792 2481 1876 2551 pror·

418 2555 674 2640 ttdt'trinnttrium
693 2550 755 2635 est,
781 2552 917 2639 nudoque
931 2555 962 2618 t‘tt
978 2553 1072 2619 verbo
1083 2550 1273 2637 fundatum:
1298 2570 1339 2620 vt
1354 2553 1428 2620 odeo
1443 2577 1482 2620 ex
1499 2556 1665 2622 coniectura
1680 2573 1745 2626 tettt
1758 2560 1875 2626 incerte

418 2675 450 2722 ιι
463 2651 545 2744 poffle
568 2669 650 2718 certa
667 2653 795 2718 conditio
816 2650 919 2731 stetui.
974 2653 1051 2754 Sgtc
1076 2649 1215 2735 Pontifici
1237 2652 1392 2737 nequidem
1417 2650 1572 2741 constittffe
1593 2654 1630 2720 de
1646 2677 1724 2723 vert
1750 2677 1874 2724 numeru

418 2753 540 2827 meon,
567 2750 619 2837 qui
640 2750 680 2814 ed
701 2752 869 2816 elcitionem
881 2745 907 2834 s.
926 2744 1152 2837 postulationem
1174 2749 1256 2813 ilitm
1276 2750 1509 2827 concurrebant,
1540 2768 1595 2817 cut
1611 2755 1658 2819 t'us
1680 2756 1874 2823 concurrendi

418 2848 555 2926 debent,
581 2870 620 2914 ex
636 2844 694 2933 ipso
712 2866 801 2913 textu
818 2865 954 2937 appetet.
1007 2850 1047 2912 Et
1063 2846 1130 2911 binc
1153 2842 1300 2932 Pontifex
1314 2866 1379 2911 cum
1400 2848 1531 2913 nondum
1545 2848 1629 2935 piene
1645 2872 1679 2916 ea
1695 2851 1731 2916 de
1750 2873 1781 2917 te
1797 2849 1869 2938 effct

418 2942 596 3036 tsmxoutttc,
622 2939 718 3032 sciens
736 2946 865 3028 (uitem,
897 2956 949 3016 td.
975 2947 1060 3012 vetit
1085 2944 1209 3009 riediutn
1234 2938 1291 3029 effe
1315 2942 1500 3022 Piebunum,
1532 2947 1685 3012 Maximo
1711 2946 1892 3030 eommtſst,¹

418 3060 601 3113 montrum
617 3062 782 3109 ceterorum
798 3046 993 3134 exploraret,
1020 3041 1055 3113 ὅ
1074 3039 1158 3106 modo
1174 3037 1262 3127 (upra
1280 3040 1358 3106 didit
1380 3042 1563 3130 procederet.
1620 3047 1694 3110 Non
1719 3065 1787 3133 erge
1805 3047 1870 3132 lup·
1991 3048 2001 3057 ”

418 3142 511 3211 txeiet
524 3162 577 3232 pro
594 3139 783 3219 indubitato,
807 3141 936 3228 praecide
952 3154 1011 3213 et.
1027 3160 1126 3205 omnes
1138 3135 1244 3226 suiffe,
1271 3133 1321 3217 sed
1333 3138 1490 3226 ignorabat
1507 3140 1622 3218 editoe,
1644 3162 1683 3207 ιιι
1701 3162 1759 3208 non
1777 3139 1870 3230 effent

418 3244 540 3309 tutiores
557 3240 613 3305 ved
632 3240 745 3329 piures.
796 3242 848 3307 Sin
871 3240 1024 3306 merovei
1044 3258 1107 3303 vno
1128 3236 1228 3323 plures
1247 3233 1394 3323 suiffem,
1426 3246 1480 3304 td.
1507 3244 1567 3304 iotn
1587 3259 1644 3305 nott
1663 3258 1752 3305 erunt
1773 3240 1869 3307 tertio

418 3358 457 3406 tre
473 3334 606 3428 netpectu
620 3337 761 3411 omnium.
814 3337 917 3424 igitur
935 3337 1006 3400 dum
1024 3334 1101 3422 iuffit
1122 3331 1291 3420 confirmari
1309 3334 1498 3412 tiedtiuttetn,
1524 3333 1549 3415 d
1568 3337 1755 3426 perstitere
1779 3339 1866 3424 dupio

417 3456 445 3504 ιι
466 3430 539 3525 effer
556 3434 671 3510 trteiur,
694 3456 760 3500 eetn
774 3436 805 3500 itt
821 3435 871 3499 ide
891 3451 1004 3521 quoque
1022 3427 1188 3521 ippotbess,
1211 3453 1270 3518 que
1292 3443 1346 3504 ed.
1370 3451 1428 3497 nurt
1447 3429 1538 3518 effent
1553 3454 1623 3521 perc
1644 3435 1757 3512 tertia,
1780 3432 1868 3516 lusti·

417 3536 447 3602 tri
464 3535 581 3602 vtittit.
634 3536 744 3620 Atque
760 3533 828 3597 irinc
846 3552 898 3596 nec
912 3529 1036 3617 vtctffim
1051 3528 1093 3593 ud
1106 3522 1331 3616 postulationem
1345 3548 1410 3594 cutn
1422 3530 1561 3596 riedione
1574 3531 1795 3597 conuenientem
1812 3533 1862 3598 de·

417 3635 552 3700 retinete
569 3633 766 3719 requiruntur
782 3630 862 3695 duce
882 3630 992 3695 terniue
1011 3624 1144 3713 ebstiute
1160 3628 1257 3695 celest
1282 3627 1361 3713 quod
1379 3628 1410 3691 itt
1436 3644 1524 3693 centu
1543 3629 1636 3693 etium
1656 3651 1713 3693 nnn
1738 3630 1862 3705 dieitur,

418 3732 512 3797 'tcttm
534 3730 570 3794 de
595 3732 660 3795 iure
680 3728 757 3791 eiius
775 3716 927 3812 fieffieient
946 3728 1059 3791 meiere
1078 3742 1171 3809 ecque
1186 3723 1228 3787 nd
1248 3721 1490 3808 postulationem,
1521 3746 1610 3812 quum
1631 3726 1672 3790 ud
1689 3730 1762 3793 uicos
1781 3731 1866 3794 adius

417 3822 619 3905 tinerficttis,
642 3826 709 3889 huic
728 3826 866 3909 regulae,
892 3846 949 3912 qut
972 3824 1069 3886 mittut
1081 3820 1150 3907 fieti
1169 3817 1282 3907 potest,
1312 3821 1343 3886 in
1367 3819 1435 3903 cusu
1454 3843 1574 3911 excepto
1593 3827 1795 3890 concurrentis
1808 3827 1865 3891 eie·

417 3924 485 3993 ‘ortis
500 3924 707 4011 derogandum
726 3918 789 4004 esi,
808 3919 840 4004 fi
854 3941 957 3987 textus
975 3920 1122 4007 excipient
1143 3920 1176 3986 id
1188 3919 1336 4004 patietur.
1392 3920 1460 3983 Not
1474 3940 1550 3986 veto
1572 3923 1651 3986 cdere
1667 3920 1863 4003 ostendimus,

417 4023 496 4091 teeti
511 4017 729 4109 dispofitionettt
746 4035 850 4084 textus
865 4020 896 4083 in
914 4021 967 4090 cit.
984 4036 1046 4104 cup.
1064 4039 1122 4085 40.
1136 4013 1258 4098 temetſs
1272 4011 1455 4102 postulantes
1468 4037 1527 4083 non
1543 4013 1707 4098 escendunt
1722 4021 1763 4082 ud
1787 4019 1864 4084 dotet

417 4122 491 4192 ttius
517 4118 651 4207 Capituli
664 4138 691 4186 t.
708 4136 773 4182 cunt
792 4116 984 4182 ntbtiotninus
1006 4114 1092 4201 dupio
1115 4114 1216 4202 egredi
1233 4111 1334 4201 poffint
1357 4130 1435 4180 voce
1452 4115 1636 4202 eligentium.
1687 4119 1755 4181 Nec
1775 4116 1861 4202 repli-

417 4241 441 4295 t,
466 4215 596 4283 nimium
615 4217 685 4281 inde
708 4212 849 4302 proburi3
882 4212 1120 4300 quandoquidem
1147 4211 1183 4283 ὅ
1204 4212 1337 4276 cecidere
1358 4208 1468 4301 potest,
1494 4210 1643 4300 fitncgne
1660 4212 1802 4276 iturorum
1816 4208 1861 4295 fic
1937 4249 1945 4263 ·

417 4310 548 4387 murdre,
575 4330 618 4379 vt
633 4309 815 4402 postulantes
833 4311 945 4385 etittn,
971 4311 1042 4376 dum
1064 4329 1121 4374 nott
1140 4306 1264 4396 fuciunt
1282 4308 1415 4384 meiero,
1441 4311 1609 4374 elediionem
1626 4309 1814 4372 nihilominus
1828 4311 1860 4376 itt

419 4412 467 4502 pio
481 4409 641 4477 excedunt.
694 4410 830 4473 Dicimus
844 4407 965 4494 quippe,
991 4407 1023 4471 id
1042 4404 1216 4490 Pontificem
1238 4408 1298 4473 ient
1320 4405 1414 4473 tecice
1425 4401 1669 4490 subintedexiffe‚
1692 4422 1801 4491 vtpote
1815 4407 1858 4472 iu·

416 4504 591 4596 tnntiffimi,
617 4503 642 4585 fi
657 4524 735 4574 voto
753 4523 854 4570 temeto
866 4502 985 4588 fuerint
999 4501 1170 4590 fimplt'eiter
1189 4508 1314 4576 totuiotc.
1365 4508 1471 4590 Atque
1488 4502 1520 4567 id
1539 4503 1655 4566 omnino
1678 4501 1855 4587 vcroſsmt'ii·

418 4624 434 4673 r
444 4608 649 4701 pteepuntrt,
674 4621 730 4673 eut
742 4600 830 4692 sorte
856 4623 894 4671 ex
914 4597 1144 4693 circumstantiis
1163 4619 1244 4668 certo
1266 4601 1399 4692 codigetc
1416 4601 1515 4691 potuit
1536 4596 1707 4691 Pontifex,
1733 4602 1813 4691 quod
1828 4602 1858 4667 in

1115 4696 1262 4790 Eeeq
1787 4692 1857 4784 cusu
1993 4694 1997 4701 '
