4784 5550
447 469 521 558 3²6
883 447 1527 536 nisse-tarnum
1648 495 1694 526 .·
1823 473 1827 480 ·

445 641 650 731 '„contrariis
667 640 700 712 in
720 634 817 712 dislie
836 634 1078 736 posterioribus
1106 640 1231 711 Literis
1249 635 1368 710 uollria
1392 636 1557 711 contentis
1576 630 1761 721 clausulis,
1776 639 1909 734 que,st

452 766 551 838 „quas
566 739 627 811 stur
643 744 676 811 in
695 741 832 818 iisdem,
861 760 983 834 preter
1007 761 1153 811 mentem
1182 736 1327 810 nostram
1354 735 1509 833 appositae
1532 736 1741 826 extiterunt,
1771 738 1913 826 etismtb,

454 838 624 936 „ipsarum
651 841 838 909 Literarum
857 840 963 918 Data,
987 861 1024 909 tc
1044 834 1179 931 esposl
1199 835 1317 907 nolite
1335 839 1526 908 intentionis
1547 830 1630 908 suit.
1656 834 1915 931 prouthtdbuc
1965 889 1967 896 ·

454 936 604 1024 „existite
622 937 713 1033 quod
732 938 892 1007 nominati
912 932 968 1005 seu
995 937 1172 1029 primarias
1190 938 1308 1006 Preces
1327 934 1484 1005 habentes
1508 931 1703 1026 hujusmodi
1725 935 1918 1011 omnibus&

453 1033 610 1126 „sagulis
631 1036 704 1105 aliis
720 1084 728 1103 .
746 1082 757 1107 .
776 1082 812 1106 ..
835 1034 869 1103 in
889 1030 1087 1104 assecutione
1104 1039 1302 1129 quorumvis
1320 1029 1564 1102 beneficiorum
1581 1051 1643 1124 per
1661 1054 1719 1102 eos
1738 1033 1856 1125 vigore
1871 1057 1919 1106 tio·

451 1137 696 1218 „minationum
714 1129 770 1202 seu
796 1130 987 1201 Peaeum&
1012 1129 1248 1202 noslrarumdt
1274 1127 1520 1201 Pradecelloris
1543 1131 1734 1202 Literarotu
1759 1129 1922 1225 predisle·

451 1255 551 1313 „rum
571 1224 719 1301 facienda
743 1225 984 1324 praeferrentur
1005 1225 1278 1325 &preferantur
1295 1278 1304 1298 .
1321 1281 1329 1298 .
1346 1278 1382 1299 ..
1408 1229 1576 1298 Volumus
1595 1249 1732 1311 sutem,
1756 1227 1850 1321 quod
1869 1225 1921 1326 ips

452 1330 638 1410 „nominati
656 1328 688 1398 dt
710 1329 884 1422 primarias
904 1330 1021 1397 Preces
1039 1325 1198 1398 habentes
1214 1327 1435 1400 canonicatus
1453 1325 1486 1396 u
1506 1323 1701 1398 Prehendaa
1718 1323 1750 1396 dr
1768 1324 1921 1402 Benessit

453 1427 540 1508 „diu
564 1422 623 1496 sub
641 1448 758 1496 eorum
780 1423 1064 1495 nominationibus
1090 1421 1146 1496 seu
1168 1423 1324 1517 precibus
1345 1417 1610 1519 comprehensa,
1640 1419 1860 1508 livarsbaor,
1874 1447 1924 1498 ta·

452 1547 571 1607 ‚,cant,
598 1523 649 1594 vel
667 1521 795 1595 insimul
815 1545 869 1593 sut
888 1518 1059 1594 succcsbve
1077 1520 1255 1603 vacabunt,
1277 1524 1356 1591 alias
1371 1523 1461 1616 jutta
1489 1516 1654 1592 <liliatum
1678 1523 1822 1594 Prrcum
1844 1545 1926 1596 testo·

452 1644 547 1702 „rem
572 1642 672 1715 atque
698 1617 841 1690 sormam
863 1642 1035 1714 acceptare
1059 1620 1092 1689 dt
1120 1624 1260 1691 Precunt
1286 1618 1479 1714 hujusmodi
1504 1640 1697 1690 executores
1722 1623 1766 1690 de
1791 1619 1855 1692 illis
1873 1618 1924 1692 lbi

454 1717 681 1812 „providere,
705 1718 742 1790 dr.
761 1722 873 1788 omnia
891 1719 954 1787 alia
971 1719 1004 1787 in
1025 1714 1194 1812 premissis
1217 1716 1471 1812 quomodolibet
1496 1737 1688 1811 opportuna
1706 1711 1925 1791 succrescet·

452 1817 553 1909 „equi
583 1811 702 1909 pollint
726 1815 945 1896 elevassent„
996 1813 1060 1887 Sed
1082 1813 1319 1887 staccurattori
1343 1816 1442 1886 oculo
1467 1814 1498 1885 de
1524 1817 1674 1886 intimius
1701 1817 1772 1890 bec
1792 1820 1923 1888 cho·

454 1930 531 1984 unt
550 1917 594 1992 V.
621 1911 813 1985 tetraslatio
834 1910 1105 2009 perspiciatur&
1124 1911 1336 1994 discutiatur,
1358 1911 1567 1983 substantiam
1587 1909 1816 1985 insinuationis
1834 1913 1922 1986 alicu·

450 2007 505 2105 jus
522 2017 637 2105 previa
662 2013 847 2083 nullatenus
872 2011 993 2103 tangit,
1014 2008 1068 2083 sed
1092 2009 1392 2105 apulilicationum
1413 2018 1513 2081 certis
1530 2031 1660 2081 tantum
1682 2007 1923 2084 liilennitatibus

454 2107 487 2178 u
506 2108 713 2203 temporibus
731 2133 791 2202 per
808 2108 965 2202 speciales
980 2105 1051 2179 suas
1068 2109 1307 2179 Ordinationes
1325 2110 1357 2179 dt
1378 2107 1591 2180 cancellaria
1605 2107 1749 2199 Regulos
1761 2107 1820 2180 sub
1836 2099 1924 2206 ptettt=

452 2204 611 2277 nullitatis
634 2205 906 2301 Etpeslativariis
925 2206 1005 2275 alias
1027 2206 1228 2298 prescriptis
1248 2203 1568 2278 Precislssabsulvir.
1616 2207 1832 2280 solennitatis
1843 2211 1923 2279 euim
1964 2209 1967 2238 ³

453 2303 617 2394 ejusmodi
640 2328 700 2396 per
724 2305 925 2374 anteriorem
943 2302 1087 2394 aliquam
1111 2307 1148 2371 N
1162 2335 1168 2370 i
1183 2323 1323 2374 estuat
1345 2310 1389 2381 V.
1415 2302 1682 2374 constitutionem
1701 2303 1863 2400 requisite
1876 2327 1923 2377 er·

452 2399 602 2493 emplum
620 2399 810 2490 adlegatur,
832 2399 944 2492 „quod
962 2396 1096 2489 finguli,
1124 2401 1277 2493 postquam
1301 2404 1378 2472 lien:
1392 2397 1466 2471 ficia
1490 2397 1710 2472 Ecclesiastico
1728 2407 1845 2492 vigore
1860 2423 1924 2496 grs-

454 2500 600 2582 „tiarum
621 2493 903 2594 espeslativarum
920 2496 1141 2590 acceptassent,
1170 2522 1208 2567 er
1233 2521 1310 2570 tunc
1337 2497 1424 2570 insta
1448 2522 1545 2570 unius
1568 2497 1686 2568 mense
1718 2495 1861 2594 spatium
1881 2500 1924 2571 eis

454 2589 520 2677 „de
537 2589 635 2668 uillis
649 2590 819 2668 beneficiis
839 2594 904 2668 rite
925 2595 1116 2692 provideri,
1143 2617 1180 2667 rc
1199 2594 1434 2692 subsequenter
1450 2598 1536 2688 inser
1561 2621 1624 2666 eres
1642 2598 1722 2666 alios
1738 2609 1851 2670 toer'es
1869 2599 1922 2668 ito·
1965 2623 1967 2630 ·

453 2691 622 2775 „mediate
638 2689 810 2787 sequentes
830 2693 1071 2789 acceptationes
1089 2693 1121 2764 dr
1143 2691 1349 2790 provisiones
1365 2693 1559 2790 hujusmodi
1571 2716 1670 2765 certis
1681 2692 1787 2779 locis,
1804 2693 1922 2778 diebus,

454 2788 651 2885 „dt-quibus
670 2788 751 2864 inibi
768 2792 867 2862 etiam
880 2788 1034 2888 expressis
1048 2798 1210 2886 publicari,
1234 2820 1293 2865 nec
1309 2819 1375 2865 nott
1392 2796 1476 2879 infra
1488 2817 1604 2887 annam
1617 2789 1770 2865 smiliter
1785 2790 1865 2865 inibi
1879 2816 1923 2865 er·

453 2885 621 2983 „pressum
639 2889 711 2959 illas
728 2913 764 2959 ac
781 2893 876 2958 dislas
893 2894 1106 2982 publicationes
1125 2889 1273 2985 ipsorum
1293 2888 1531 2961 beneficiorum
1559 2885 1812 2984 possessoribus,
1835 2888 1921 2986 siqui

452 3008 570 3069 „tunc,
588 2986 737 3079 alioquin
756 2991 1006 3081 quamprimum
1022 2983 1129 3068 foret,
1150 2995 1286 3058 intimari
1304 2994 1427 3076 sotere,
1449 2989 1500 3058 vel
1518 2988 1576 3058 suo
1598 2991 1699 3084 Jurc,
1725 2985 1747 3056 fi
1774 2990 1863 3084 quod
1881 2998 1920 3058 cis

453 3087 510 3163 „in
529 3082 626 3154 dislis
659 3082 831 3153 Beneficiis
856 3106 1050 3178 competere
1075 3109 1254 3181 putarent,
1276 3091 1467 3178 judittaltter
1490 3091 1619 3180 experiri
1648 3085 1919 3167 deberent'dte.„

451 3181 539 3250 Item
558 3179 619 3250 alia
636 3178 836 3251 Conllitutio
857 3204 1088 3264 memoratur,
1115 3207 1181 3278 qua
1199 3184 1389 3255 ordinatum
1412 3181 1534 3265 suerit,
1564 3184 1677 3276 „quod
1694 3206 1814 3256 omnes
1832 3178 1920 3256 &sn-

453 3277 563 3370 „gulae
585 3276 804 3351 concessiones
828 3277 859 3348 de
887 3277 1082 3361 littere...
1102 3279 1278 3376 personis,
1305 3283 1530 3376 cujuscunque
1558 3280 1656 3351 slatus
1685 3303 1742 3350 aut
1763 3281 1917 3376 dignitatis
1953 3338 1967 3369 ἢ

454 3378 666 3456 „ettitetint,
691 3374 816 3449 etiamsi
840 3378 955 3468 Regali
982 3430 1046 3456 ...
1074 3375 1311 3474 prefulgeant
1333 3381 1521 3470 dignitate,
1544 3381 1656 3457 edite,
1682 3377 1738 3449 seu
1765 3374 1915 3457 concess,
1952 3374 1967 3383 ”

453 3495 532 3551 „aut
547 3472 750 3566 inpallerum
772 3474 931 3557 edenda,
959 3473 1014 3547 seu
1038 3478 1274 3561 concedende,
1298 3502 1359 3572 per
1379 3502 1460 3569 quas
1487 3474 1793 3570 espesbattvarutu,
1811 3476 1931 3573 specio·
1961 3564 1967 3575 Α

451 3568 559 3648 „lium
579 3572 850 3646 Reservationum
870 3575 925 3645 lau
942 3575 1080 3645 aliarum
1107 3577 1301 3647 Gratiarum
1325 3572 1569 3645 beneficialiuni
1587 3570 1779 3645 esseslusiti
1799 3593 1916 3669 genem
1959 3614 1967 3655 3

453 3668 511 3749 „ln
534 3666 703 3760 quibusvis
725 3674 932 3752 Provinciis,
958 3670 1160 3747 Dicerefibus
1185 3672 1216 3743 dt
1242 3671 1391 3743 Ecclesiia
1421 3669 1673 3766 quomodolibet
1696 3674 1917 3769 impediretur,

452 3768 507 3846 3,in
525 3767 651 3855 epserutn
665 3771 794 3841 lotorum
811 3773 1043 3845 cathedralibus
1058 3773 1194 3850 Ecclesis
1210 3796 1309 3840 coram
1328 3772 1450 3861 testibus
1468 3775 1505 3845 ss
1524 3776 1677 3850 Neratio,
1695 3776 1747 3863 qtii
1764 3768 1919 3868 eopianso·

453 3867 624 3945 ,itulrarum
645 3871 811 3960 petentibus
828 3872 985 3941 concedere
1008 3889 1180 3951 teneretur,
1203 3866 1363 3954 solenniter
1384 3873 1607 3959 publicarentur
1626 3871 1686 3944 sir.
1735 3864 1919 3967 sequebar
1962 3864 1967 3931 Ᾰ

452 3959 570 4030 itidem
590 3961 831 4037 Constitutione
849 3964 989 4047 abolita,
1006 3963 1120 4039 rursus
1137 3967 1287 4062 ejusdem
1304 3988 1440 4060 quoque
1459 3969 1666 4057 publicationis
1677 3965 1845 4054 (alteritas
1858 3957 1920 4060 poll
1960 4046 1967 4051 ,

452 4063 713 4151 acceptationem
728 4061 759 4133 dt
775 4063 985 4135 collationem
999 4066 1141 4157 subsequa
1155 4090 1192 4135 ex
1210 4066 1345 4155 Regalis
1359 4063 1615 4135 cancellarie&
1630 4060 1829 4159 specialibus
1844 4068 1921 4137 Coss·
1963 4102 1967 4149 ,ς

451 4153 677 4230 slitutionibus
700 4158 877 4230 Pontificiis
896 4164 1190 4254 Extravaganttbns
1209 4160 1341 4233 indtisla
1360 4163 1392 4231 dt
1408 4157 1582 4232 constituta
1607 4163 1810 4245 remittitur,
1832 4182 1921 4235 econ·

453 4275 504 4323 tra
521 4276 600 4325 vcro
623 4259 783 4340 (ubllaittie
803 4256 1027 4328 insinuationis
1051 4281 1126 4330 ante
1151 4261 1360 4329 collationem
1382 4266 1495 4349 prauis
1512 4283 1550 4331 es
1571 4281 1688 4330 natura
1711 4262 1765 4332 rei
1786 4258 1923 4357 &juris

452 4353 649 4425 Communis
666 4355 892 4431 Decretalium
909 4352 1007 4453 supra
1025 4353 1243 4431 decluslarum
1258 4353 1451 4454 praescripto
1473 4352 1647 4432 necessaria
1670 4348 1859 4433 nullatenus
1874 4352 1925 4427 ab·

450 4445 574 4524 oletur.

1800 4555 1835 4642 §.
1858 4548 1926 4624 xx.
