4784 5550
449 639 500 717 80
898 613 1476 696 DISSERTATIO

448 803 545 878 suunt
561 799 602 876 ab
617 797 782 898 Episcopo
796 791 939 874 habente
960 797 1194 872 &nullatenus
1211 822 1275 896 pto
1292 799 1459 896 parocho,
1484 795 1665 872 roboratur
1678 797 1803 896 partlm
1824 795 1935 874 tullo·

449 905 550 976 ritate
574 903 723 972 virorum
744 897 954 969 eruditorum
979 901 1100 992 partim
1127 901 1220 992 praxi
1250 895 1484 994 supremorum
1509 901 1649 993 Imperii
1677 895 1937 980 Tribunalium.

449 995 540 1074 conf.
554 1004 584 1096 J
600 1003 648 1068 H.
672 1001 861 1066 liberatur
881 1001 925 1064 T.
955 999 980 1065 l.
1006 1000 1041 1066 P.
1069 1023 1096 1064 t.
1123 990 1209 1089 resp.
1234 1020 1268 1081 4.
1293 1021 1324 1064 n.
1351 1005 1407 1084 65.
1431 997 1621 1066 Genera
1646 1001 1765 1089 Origin.
1790 1002 1941 1072 Hennae·

449 1123 486 1194 p.
507 1109 586 1175 282.
604 1099 824 1164 Sentinate
841 1091 1194 1172 Uabtltafftuulen
1205 1141 1219 1184 s
1246 1099 1295 1165 Ν.
1315 1119 1370 1184 35.
1391 1117 1564 1188 receptum
1591 1095 1691 1164 etiam
1715 1089 1762 1162 est
1778 1095 1812 1162 iu
1828 1089 1940 1190 supre-

449 1197 515 1266 mis
538 1191 676 1288 lmperii
701 1190 920 1261 trihunalibus
947 1191 1168 1283 principium,
1202 1191 1292 1284 quod
1314 1189 1335 1259 st
1354 1187 1546 1286 ¹Episcopus
1568 1189 1619 1259 rel
1650 1189 1857 1286 Episcopum
1885 1215 1940 1264 re·

448 1287 650 1388 presentans
670 1291 826 1358 Decimae
847 1287 1031 1358 ordinarias
1057 1287 1088 1356 d<
1110 1284 1308 1357 universales
1331 1285 1506 1381 pollideat,
1544 1285 1593 1358 illi
1628 1311 1764 1382 quoque
1786 1292 1821 1357 in
1836 1287 1938 1362 dubio

452 1387 636 1460 debeantur
655 1387 803 1455 Decimae
826 1409 863 1452 ex
890 1383 1086 1464 novalibus,
1114 1385 1196 1479 quin
1222 1381 1253 1454 se
1277 1386 1448 1455 intrudere
1470 1380 1564 1478 pollit
1588 1387 1755 1479 parochus
1777 1407 1857 1456 cum
1879 1385 1940 1460 suo

450 1489 535 1583 Jure
562 1489 689 1555 Canon.
715 1482 847 1550 aliunde
870 1482 960 1551 luam
983 1481 1106 1550 hahens
1128 1478 1404 1560 sustentationem,
1427 1487 1592 1553 Ktocte.
1622 1481 1700 1554 Vol.
1722 1491 1810 1552 Cam.
1834 1489 1939 1560 uetat.

451 1591 510 1668 69.
532 1607 566 1676 p.
587 1585 999 1668 :permiseramus
1018 1577 1095 1647 Vol.
1114 1581 1159 1647 ll.
1185 1575 1284 1650 decis.
1307 1587 1360 1653 26.
1378 1605 1409 1650 n.
1430 1587 1462 1649 6.
1484 1577 1938 1670 [annuntiaremus.

450 1675 520 1750 ahs.
542 1683 587 1752 T.
606 1681 633 1750 l.
658 1701 690 1772 p.
720 1700 775 1766 pt.
800 1674 921 1768 quibus
945 1675 1069 1746 aceedit
1095 1677 1205 1772 pratia
1227 1679 1327 1746 etiam
1350 1677 1553 1772 judiciorum
1576 1673 1697 1747 Ecclel.
1725 1679 1937 1768 Germanic,

450 1774 495 1849 sse
517 1799 554 1848 ut
578 1797 835 1869 pautaqranrum
856 1773 1037 1864 allegemus
1061 1770 1272 1867 prejudicia‚
1306 1797 1451 1868 quorum
1476 1773 1622 1867 plurime
1653 1771 1771 1846 adduci
1793 1773 1941 1868 pnlsent,

450 1882 551 1946 Auno
586 1875 687 1961 1762.
719 1873 752 1939 in
775 1869 879 1941 Causa
907 1866 1087 1941 Catthufiae
1117 1866 1355 1940 Dillelltusanae
1383 1893 1498 1942 eontra
1522 1874 1568 1941 Ca
1597 1870 1715 1942 italum
1736 1873 1940 1954 Cathedrale

451 1967 676 2059 Wr'lreebarg.
709 1965 834 2062 pundo
855 1971 1072 2039 Decimartrm
1097 1967 1266 2037 novalium
1287 1971 1474 2039 Vieariatua
1497 1895 1679 2064 Herbipol.
1704 1971 1938 2050 intervenienti

450 2067 602 2140 Paracho
623 2062 785 2136 lilentium
810 2063 984 2161 imposuit,
1033 2065 1065 2136 dr
1096 2061 1400 2137 Reverendllltmue
1422 2067 1612 2137 Vicatiatut
1641 2069 1868 2156 Moguntittua
1885 2097 1940 2150 en.

455 2173 560 2256 1763.
578 2165 610 2232 in
628 2159 731 2233 Causa
750 2169 964 2252 Argentorar.
990 2165 1132 2233 Hearici
1148 2159 1310 2234 Dorsehel
1333 2163 1472 2258 parochi
1488 2163 1522 2232 in
1547 2157 1845 2262 Niedersehapfen
1864 2193 1943 2242 enn-

451 2281 506 2332 arn
525 2257 628 2330 lllull.
645 2255 806 2330 familiam
833 2257 1199 2331 Franckenlleinianam
1226 2257 1352 2354 punklo
1372 2263 1589 2334 Decinarurn
1609 2259 1780 2336 novalium
1804 2287 1941 2362 partem

451 2381 544 2432 raam
560 2356 599 2430 ab
615 2359 775 2434 intentata
792 2382 810 2429 a
826 2358 977 2430 Paracho
1001 2353 1132 2428 albione
1147 2353 1296 2428 absolvit.

917 2487 1487 2584 TANTUM.

1036 2675 1354 2770 ffiffiaa

710 2890 1307 3005 Animadverfiones
1378 2891 1679 3005 Editoris.

454 3040 553 3216 Ad
565 3143 600 3219 l.
617 3138 752 3211 XVIII.
781 3142 860 3205 Nat.
876 3138 904 3209 b.
957 3139 1059 3233 Qtod
1083 3137 1140 3211 hie
1163 3140 1273 3236 inquit
1287 3131 1418 3208 Aulion
1434 3134 1476 3208 de
1496 3132 1667 3229 Episcopia
1681 3132 1941 3241 ,abbatibusque

453 3228 1622 3405 lllfillllllllllll¹¹llll‘'llllll’hlls‘llthlltl'*
1644 3236 1942 3411 llllllhll

453 3434 525 3503 rius
547 3424 743 3498 illustratum
759 3422 823 3498 fuit
839 3356 1153 3519 abhu03pfinguiare
1174 3432 1271 3526 plene
1291 3426 1354 3509 ell,
1380 3430 1471 3523 quod
1498 3354 1734 3503 animadiiertit
1749 3384 1941 3521 Puduit

453 3530 495 3607 itt
511 3533 581 3605 ectr
597 3522 848 3609 euaerlesattett
863 3523 1117 3619 liechtasdleu
1134 3556 1169 3607 2.
1188 3529 1321 3611 batth.
1342 3528 1430 3621 Resp.
1451 3529 1586 3601 chH.
1609 3550 1640 3621 p.
1653 3554 1738 3611 557·
1774 3530 1938 3603 nimirum

455 3624 547 3720 quod
562 3626 594 3693 in
611 3622 715 3694 oculis
737 3625 878 3695 Concilii
893 3622 1145 3697 Conllantienhs
1161 3650 1247 3697 anna
1268 3648 1370 3714 1415.
1389 3649 1403 3695 t
1410 3648 1444 3711 9.
1460 3626 1596 3719 Januar.
1629 3630 1805 3725 'Jabatrnet
1821 3630 1941 3707 Archa,
1960 3712 1963 3717 Ι

453 3724 656 3817 Episcopatu
674 3728 790 3791 Eltllar
807 3726 1019 3813 Mogentiana
1040 3724 1214 3796 introitum
1230 3722 1397 3793 lolennem
1422 3720 1638 3793 celebraverit
1656 3726 1690 3793 in
1711 3718 1829 3795 urbem
1848 3724 1941 3797 Con·

454 3815 662 3891 ssantiensem
678 3839 739 3907 pro
758 3842 851 3888 more
867 3818 956 3888 illius
974 3821 1044 3891 aevi
1061 3823 1222 3915 Equitum
1238 3847 1255 3891 a
1270 3822 1377 3913 capite
1391 3816 1432 3889 ad
1447 3819 1570 3889 calcem
1590 3844 1695 3915 usque
1710 3820 1848 3893 thorace
1865 3844 1941 3893 mu·

452 3918 563 3997 nitus,
603 3912 885 3985 nonvetoinllar
906 3918 1048 3987 aliorum
1073 3917 1314 4011 Episcopnrum
1338 3914 1491 3989 investiret
1518 3915 1723 4009 Episcopnll,
1759 3918 1809 3989 uti
1828 3914 1941 3993 refert

455 4016 669 4085 Ubktcus
694 4014 926 4082 aReicbentlral
938 4017 975 4082 de
996 4020 1125 4086 Cantilia
1144 4018 1298 4105 crustant.
1318 4016 1347 4104 f.
1364 4042 1398 4090 4.
1449 4016 1496 4082 Ea·
1518 4039 1586 4108 quo
1610 4012 1740 4091 abunde
1759 4012 1837 4089 satis
1861 4038 1942 4115 pro·

452 4108 565 4207 pensio
580 4106 622 4181 ad
640 4109 743 4181 tritam
762 4109 941 4183 militatem
958 4110 1200 4207 Episcoporum
1220 4112 1423 4185 Germaniae
1437 4110 1557 4186 elucet.
1679 4126 1683 4131 '

571 4308 628 4377 Aa
643 4313 679 4385 ff.
696 4307 829 4397 ejusdem
844 4325 905 4377 nat.
922 4309 951 4395 la
1002 4309 1111 4389 Ereo,
1134 4306 1225 4402 quod
1238 4306 1335 4401 plura
1349 4304 1431 4378 olim
1445 4303 1532 4377 bona
1542 4300 1693 4379 Ecclelrla
1708 4308 1742 4377 in
1750 4308 1867 4381 Feuda
1881 4306 1942 4381 ab·

453 4400 522 4473 lata
537 4396 693 4493 fuerunt,
716 4426 835 4475 notum
850 4401 912 4486 est,
937 4403 1129 4500 complures
1147 4400 1307 4485 asserere,
1333 4404 1493 4499 pleraque
1507 4400 1621 4477 saltem
1633 4404 1765 4483 Feuda,
1790 4430 1941 4501 quorum

454 4498 653 4566 Dominium
670 4498 715 4569 ell
730 4526 830 4594 penes
846 4497 1023 4581 Ecclesiae,
1041 4498 1224 4571 elleh'euda
1241 4501 1368 4582 oblata,
1394 4501 1482 4573 unde
1496 4500 1572 4571 dein
1588 4524 1721 4597 praeter
1734 4501 1816 4573 aliaa
1831 4502 1944 4577 conse·

333 4604 336 4609 '
406 4612 411 4619 '
453 4596 605 4671 curiones
622 4593 655 4664 id
671 4594 834 4675 deducere
849 4596 983 4687 volunt,
1007 4596 1175 4695 ejusmodi
1193 4598 1307 4676 Feuda
1323 4601 1357 4672 in
1371 4598 1486 4695 tegula
1503 4599 1613 4698 quoad
1628 4594 1859 4675 sueaeffionem
1877 4598 1944 4679 else

1729 4698 1944 4797 impropriae
