4784 5550
432 617 730 708 oauacuus
748 618 844 698 aaa
857 589 1218 702 uonotsstuutt
1235 615 1440 701 tanaus
1453 621 1511 716 uu
1525 623 1894 729 restructa,

1050 808 1085 913 c.
1133 807 1191 884 xt
1204 807 1255 885 v.

525 990 658 1058 Verum
675 983 757 1058 haec
772 969 952 1064 lufficltnc,
977 1007 1020 1064 ue
1035 979 1145 1054 nollrc
1158 980 1300 1052 nimium
1312 1004 1465 1056 excurret
1479 979 1595 1060 druto.
1640 988 1694 1062 At
1711 989 1824 1065 cherua
1835 1009 1896 1067 noi

430 1071 516 1156 lcum
533 1088 675 1181 propius
701 1084 911 1163 accedentes,
937 1077 1172 1160 obseruamua,
1202 1076 1441 1152 consuetudine
1462 1081 1581 1178 paffim-
1598 1086 1631 1154 in
1657 1094 1763 1180 patrie
1784 1088 1895 1166 nostre

430 1179 639 1254 ntrodussum
656 1177 741 1258 elle,
766 1183 856 1274 quod
879 1178 1027 1249 decimae
1048 1180 1083 1248 in
1108 1181 1235 1272 campis
1257 1181 1482 1272 recipiantur,
1514 1181 1657 1276 illaeque
1678 1183 1848 1282 separatae
1875 1214 1895 1263 e

430 1280 667 1350 recimeronbus
688 1299 749 1351 uon
764 1287 819 1352 oen
839 1275 1087 1367 3eltettobttttu,
1113 1273 1177 1345 suia
1195 1271 1343 1368 expensio
1361 1274 1500 1348 domurn
1517 1279 1712 1352 euehuntur.
1763 1283 1895 1380 Quibut

430 1377 627 1448 acommodis
645 1376 676 1447 u
695 1372 879 1468 sumptibus
901 1373 1115 1443 detractionis
1129 1393 1164 1442 vr
1192 1370 1329 1465 quidem
1345 1396 1505 1468 parcant,
1534 1397 1731 1476 certumque
1747 1405 1894 1456 annuum

430 1469 466 1544 ibi
485 1473 631 1544 reditum
649 1474 823 1552 nouerint,
849 1470 1002 1560 decimas·
1015 1495 1080 1566 pro
1107 1491 1198 1541 certa
1215 1467 1373 1564 pensione
1395 1495 1502 1544 annua
1527 1474 1737 1558 decimariis,
1764 1485 1820 1553 btu
1837 1479 1895 1572 3ea

430 1571 680 1660 ttttbuflitbtipru,
725 1569 930 1660 relinguuur.
989 1572 1065 1666 Qua
1090 1563 1259 1640 oectstooe
1284 1589 1348 1648 ea,
1383 1591 1487 1663 quatu
1512 1573 1546 1640 iu
1572 1573 1633 1644 hae
1667 1569 1894 1652 dilierrnione'

430 1669 643 1837 glabppandam
675 1692 712 1741 ac
744 1665 907 1739 methodo
938 1670 1018 1739 lure
1040 1703 1052 1746 ο,
1078 1662 1247 1739 Consultio
1274 1661 1389 1738 rfitart
1415 1665 1646 1746 resoluendum
1670 1669 1895 1771 suscepimus,

431 1786 479 1839 to
509 1789 560 1842 ert

928 1859 1363 2033 ovaa'srm,

474 2111 578 2190 Num
594 2112 789 2196 vaifairmit
805 2116 972 2209 pecuniae
984 2119 1170 2216 quantitas
1178 2133 1249 2216 pro
1272 2116 1414 2192 decimis
1421 2081 1493 2219 per¹
1506 2118 1738 2222 longiffiaumr
1758 2136 1892 2222 temptet

441 2209 648 2286 decimariis
654 2211 796 2307 soluta.
815 2212 870 2304 fit
884 2210 1118 2289 inmutabilis
1127 2262 1140 2302 ,
1160 2233 1229 2315 per
1245 2216 1447 2318 cotrseqtterrr
1461 2215 1675 2295 decimarum
1696 2222 1737 2296 in
1756 2227 1892 2298 natura'

430 2311 673 2399 eradicarem,
687 2309 786 2405 ficut
804 2310 850 2385 θ’
856 2314 976 2411 pretii
988 2313 1266 2402 exaltationem,
1291 2312 1493 2392 excludat?

1052 2525 1089 2610 ς.
1140 2523 1260 2608 XV..

522 2662 613 2728 Aure
629 2654 741 2726 omnia
756 2678 977 2749 praemonere
992 2682 1051 2728 noa
1066 2653 1302 2752 oporter,‘hic
1316 2649 1387 2730 uou'
1405 2656 1549 2754 supponi
1567 2653 1697 2741 casum,
1723 2655 1815 2752 quod
1832 2657 1889 2733 cle·

430 2777 549 2827 meror
566 2778 626 2845 per
646 2750 788 2848 spatium
809 2749 983 2844 longissimi
1000 2761 1161 2848 temporis
1180 2758 1324 2826 decimas
1342 2761 1374 2825 iu
1390 2756 1706 2847 natura'eliquories
1724 2763 1891 2847 exegerit,

430 2854 664 2926 eimariorum
680 2875 811 2931 aurem,
837 2848 1035 2921 detraelioni
1058 2852 1377 2939 contradicentium,
1402 2854 1599 2930 renitentia,
1626 2874 1702 2921 cum
1723 2853 1812 2921 illius
1836 2878 1891 2924 ac·

430 2946 629 3028 tieseentia,
653 2945 831 3027 accesserit,
882 2948 946 3019 Sed
964 2949 1064 3018 cardo
1082 2951 1132 3020 rei
1155 2953 1188 3019 in
1207 2972 1249 3019 eo
1266 2950 1432 3019 verritur:
1466 2973 1505 3016 an
1526 2946 1691 3030 decimae,
1719 2951 1754 3016 in
1770 2973 1891 3023 nature

431 3051 622 3141 eteroquin
644 3044 841 3139 praestitae,
866 3044 910 3115 ob
927 3048 1009 3116 hauc
1026 3043 1126 3117 solam
1142 3048 1308 3118 tationem
1322 3070 1340 3115 a
1354 3044 1557 3116 declaratore
1576 3044 1661 3136 exigi
1676 3044 1820 3138 amplius
1835 3068 1891 3118 ne·

430 3166 549 3223 terne,
574 3147 664 3238 quod
683 3168 744 3235 per
759 3139 982 3232 longissimum
1001 3146 1165 3240 temporit
1190 3143 1403 3217 interuallum
1420 3147 1454 3213 iu
1472 3140 1715 3223 aestimatione,
1742 3149 1823 3236 quin
1842 3142 1892 3213 di·

430 3269 473 3325 a,
506 3238 605 3411 Ιῐηᾶἰιᾱ
623 3242 807 3336 quantitate
830 3237 956 3314 solutae
973 3236 1123 3327 fuerint,
1153 3245 1309 3339 quemuir
1327 3240 1519 3316 decaetero
1534 3243 1588 3313 iuc
1608 3240 1796 3315 decimaudi
1815 3262 1892 3316 cert

432 3362 471 3415 m
492 3348 547 3414 exi
577 3342 641 3411 rc?

1044 3469 1078 3570 c.
1128 3469 1248 3546 xvi.
1355 3430 1359 3441 ’

818 3631 1104 3710 Rationes
1151 3628 1477 3747 dubitandi.
1545 3644 1548 3649 '

522 3767 710 3867 Quamuis,
742 3766 834 3863 quod
858 3768 897 3837 ad
923 3768 1008 3841 hanc
1033 3766 1259 3865 qutelliouenr
1282 3772 1416 3850 attinet,
1447 3768 1502 3838 illa
1523 3752 1662 3865 oinniao
1684 3762 1890 3841 adfirmanti·

430 3864 578 3948 ideitur,
606 3868 728 3957 partim
753 3869 779 3935 1.
802 3867 894 3957 quod
912 3864 1033 3938 diuersi
1046 3864 1213 3938 Doilorea
1240 3865 1328 3937 illiue
1349 3863 1410 3935 lint
1435 3863 1633 3946 sententiae,
1668 3862 1891 3943 exsolutione

430 3960 762 4135 pgcrcpnpplffgiffmrpll
778 3966 846 4034 XL.
865 3989 1028 4037 annorum
1046 3964 1212 4037 coloniam
1226 3960 1393 4063 praesumi
1411 3984 1630 4061 perpetuam,
1666 3988 1733 4035 uua
1755 3965 1892 4037 locatio·
2021 4010 2024 4015 -

652 4188 871 4255 carnot.
891 4189 923 4254 a.
941 4208 970 4252 2.
993 4187 1154 4274 casas.
1177 4208 1207 4256 1.

521 4326 573 4395 Ex
589 4346 658 4418 quo
688 4322 831 4418 proinde
848 4321 1008 4412 colligere
1030 4324 1105 4415 quia
1125 4320 1250 4417 posset,
1288 4322 1379 4416 quod
1400 4322 1571 4395 decimarii
1600 4321 1684 4392 vltra
1707 4343 1829 4413 quenti
1855 4322 1890 4394 in

430 4421 654 4521 lpulationettr
678 4417 822 4493 dedulla'
839 4418 914 4514 plur
943 4417 1090 4500 soluere,
1122 4445 1178 4492 aur
1201 4423 1345 4492 decimet
1369 4425 1401 4491 in
1427 4446 1543 4491 notura
1570 4416 1735 4511 praeliare
1750 4420 1819 4489 'non
1847 4444 1892 4493 te·

430 4544 554 4595 untur.
609 4523 730 4589 Partim
745 4523 792 4588 ll.
814 4517 903 4612 quod
925 4539 1034 4587 certae
1049 4541 1085 4587 ac
1102 4521 1277 4589 continuae
1297 4516 1519 4612 predationes
1541 4514 1684 4611 speciem
1704 4515 1818 4588 census
1837 4542 1893 4588 acc

430 4643 516 4721 pree
530 4619 752 4693 immunitatis
771 4618 907 4715 potiut,
931 4638 1033 4711 quarn
1048 4613 1186 4700 lucerii,
1211 4640 1293 4716 pree
1308 4613 1342 4691 se
1361 4612 1453 4691 ferre
1471 4615 1669 4700 rideantur3
1694 4637 1715 4688 e
1731 4613 1891 4783 P‘nss'⁰¹¹.⁸

1804 4736 1889 4807 aqut·
1959 4784 1964 4791 ,
