4784 5550
1705 415 1721 482 Ι

478 599 589 690 oc*
680 554 685 560 ’
901 573 1506 720 'nossa-ornrio

454 857 459 862 .
478 789 638 888 Episcopi
654 785 866 860 Halberstad.
888 786 931 858 de
954 813 1008 860 an.
1036 803 1142 884 1197.
1166 786 1307 879 legitur:
1351 793 1539 881 Quantoque
1557 789 1719 858 eradicatis
1734 788 1880 878 studetis
1907 796 1974 862 No·

473 898 566 966 velit
579 892 686 982 fidles
710 890 782 958 inibi
804 890 993 979 redegerint,
1038 912 1119 958 more
1139 891 1359 957 uenereltltttm
1380 886 1609 978 Antecefftrton
1631 887 1796 973 nostratem
1817 891 1913 958 libere
1938 890 1979 958 as

475 997 556 1064 amni
569 993 767 1060 decimatione
783 990 826 1056 eis
840 988 1034 1055 concedimur.
1085 986 1187 1078 Apud
1204 989 1245 1054 M
1255 1003 1404 1055 aucta
1418 1006 1441 1055 u
1455 989 1555 1076 script.
1579 1010 1640 1054 rer.
1654 1008 1751 1076 germ.
1768 989 1875 1056 Tom·
1892 992 1921 1057 1.
1939 1011 1977 1084 p.

478 1112 562 1181 773⁴
589 1085 768 1178 Adolphua
793 1080 1077 1177 Archiepiscopus
1107 1082 1225 1152 Colon.
1248 1107 1303 1153 cn.
1334 1095 1437 1170 1198.
1462 1085 1758 1153 excommunicavit
1778 1086 1976 1156 Conradutn

478 1189 520 1258 de
539 1181 797 1256 lllanclcenhcim
814 1184 999 1250 Dominum
1018 1179 1059 1248 de
1075 1179 1239 1274 Scltleyda
1256 1176 1488 1274 usurpatorem
1505 1181 1641 1251 decime
1659 1181 1855 1255 Notalium.
1872 1179 1975 1257 Conf.

395 1359 398 1368 ,
476 1289 616 1357 Huoo
651 1285 1002 1351 ὃτινΛσηΝειε
1026 1281 1130 1347 Tom.
1155 1282 1202 1349 ll.
1227 1283 1331 1348 cond.
1360 1280 1539 1370 praoconstr.
1562 1278 1595 1348 dc
1618 1281 1973 1355 Hamrzuamws

479 1385 529 1473 „l.
545 1407 574 1453 c.
590 1385 693 1451 Tom.
712 1379 778 1447 111.
804 1401 835 1471 p.
853 1383 936 1463 466.
953 1375 986 1445 dc
1002 1376 1037 1443 in
1059 1371 1186 1470 synodo
1203 1377 1322 1447 Colon.
1338 1376 1408 1445 haec
1423 1376 1602 1467 leguntur:
1617 1425 1638 1457 „
1666 1381 1800 1447 Notum
1818 1373 1974 1464 facimus,

479 1478 595 1578 „quod
624 1473 745 1548 fratres
772 1474 813 1544 de
834 1471 1094 1544 Blanckenheim
1116 1473 1289 1547 Gcrcrdus
1313 1473 1346 1543 dc
1370 1473 1546 1544 Cuntadus
1573 1473 1764 1545 accedentes
1787 1475 1828 1546 ad
1855 1480 1976 1548 Domi·

477 1602 582 1668 „num
598 1580 788 1646 llrunonem
804 1568 1103 1665 Archiepiscopum
1125 1569 1395 1666 pullulaverunt,
1430 1593 1468 1642 ut
1489 1571 1529 1642 ab
1551 1596 1592 1643 eo
1610 1574 1798 1665 acciperent
1817 1575 1851 1644 in
1873 1573 1974 1648 bene·

403 1667 409 1676 ’
478 1673 805 1766 „ficiumDeclmam
821 1667 1062 1739 deNovalibus
1076 1672 1110 1739 in
1125 1666 1231 1761 sylva,
1249 1695 1322 1765 quae
1338 1666 1384 1739 ell
1397 1670 1488 1764 jutta
1504 1668 1645 1740 caslrum
1663 1670 1837 1766 Schleyda,
1865 1697 1970 1769 quam

479 1769 647 1863 „Ecclesia
663 1763 838 1840 Steinseld.
855 1766 895 1838 ab
913 1770 1052 1860 antiquo
1075 1765 1279 1861 possederat,
1316 1767 1459 1860 proinde
1479 1763 1762 1864 Archiepiscopus
1783 1773 1896 1841 Bruno
1915 1769 1975 1844 sub

419 1901 421 1906 ·
480 1874 569 1960 „hac
584 1867 709 1940 cautela
723 1866 903 1938 verborum
931 1862 1093 1960 pullulata
1113 1861 1282 1944 concessu,
1312 1861 1335 1934 fi
1356 1862 1460 1958 pollet
1484 1867 1548 1936 hoc
1564 1865 1605 1937 de
1624 1864 1700 1959 jure
1721 1862 1849 1950 facere,
1876 1869 1975 1942 &ite

481 1965 652 2057 „absolute
667 1987 799 2036 vacaret
815 1960 871 2034 fibi
894 1962 1021 2033 decima
1047 1959 1122 2044 illa,
1154 1985 1192 2033 ut
1215 1957 1320 2058 posset
1340 1966 1388 2035 eis
1414 1960 1588 2057 prestare,
1617 1965 1678 2035 hac
1697 1962 1865 2036 dccafione
1886 1991 1975 2060 pree·

481 2063 585 2154 „dosii
604 2059 724 2134 fratres
747 2058 969 2153 aggravabant
985 2085 1120 2131 manum
1136 2057 1226 2131 suam
1245 2056 1346 2157 super
1362 2064 1512 2132 Domum
1532 2057 1705 2134 Steinseld.
1734 2059 1923 2135 auferentes
1942 2065 1975 2140 ei

481 2166 679 2251 „Decimam
694 2160 735 2232 de
751 2159 958 2240 Novalibus,
985 2183 1084 2254 quam
1105 2156 1264 2255 praedisla
1278 2157 1420 2230 Ecclesia
1442 2158 1546 2230 libera
1569 2159 1748 2230 donatione
1775 2162 1878 2257 primi
1896 2165 1976 2234 Fri·

482 2263 610 2350 „derici
627 2255 881 2355 Archiepiscopi
900 2257 932 2327 dc
951 2257 1175 2351 plurimorum
1190 2253 1429 2327 antecessorum
1445 2256 1478 2326 dt
1497 2260 1648 2328 omnium
1665 2253 1881 2330 successorum
1900 2257 1976 2334 suo·

482 2385 582 2446 „rum
597 2382 703 2453 usque
725 2359 764 2426 ad
791 2358 974 2425 Dominum
993 2359 1182 2452 Baunoncm
1200 2357 1310 2448 quieta
1334 2350 1523 2449 polsesllone
1539 2357 1634 2425 annis
1652 2350 1724 2427 sere
1739 2380 1889 2440 centum,
1915 2356 1976 2432 sn.

485 2481 544 2541 „ut
560 2462 593 2526 in
617 2455 800 2548 privilegiis
822 2450 920 2546 ipsus
942 2449 1091 2520 Ecclessae
1106 2446 1268 2546 perpendi
1290 2449 1414 2546 potell,
1447 2450 1645 2546 possederat.
1661 2502 1682 2534 „
1708 2459 1879 2527 Hernicus
1900 2460 1973 2530 Leo

415 2565 419 2578 '
482 2562 601 2628 Senon.
621 2559 695 2622 Dux
713 2547 870 2619 fundator
891 2545 1108 2644 Episcopatus
1124 2548 1308 2640 Raceburg.
1331 2548 1471 2620 contulit
1488 2547 1653 2648 Episcopo
1674 2551 1857 2644 Raccbutg.
1876 2553 1976 2627 dimid

482 2656 571 2725 diam
588 2652 761 2720 Decimam
777 2647 818 2716 de
841 2645 1013 2717 novalibus
1036 2649 1068 2715 in
1090 2646 1196 2724 tribus
1212 2644 1404 2718 Vallilstmis
1426 2652 1625 2744 provinciis,
1659 2671 1698 2719 ut
1722 2648 1906 2746 Episcopus
1923 2653 1978 2724 iu·

480 2745 711 2829 beneficiaret,
737 2768 846 2842 quem,
861 2744 978 2825 vellet,
1004 2741 1085 2817 telle
1106 2749 1319 2817 Documento
1336 2744 1425 2842 apud
1449 2752 1782 2820 Wssratrauau
1804 2753 1910 2824 Tom.
1925 2754 1976 2826 Π.

479 2873 612 2922 monum.
629 2850 736 2916 incdit.
760 2869 794 2942 p.
822 2868 926 2928 2004.
948 2839 1005 2914 ubi
1028 2840 1240 2915 recensentur
1269 2845 1369 2935 longo
1393 2844 1510 2915 ordine
1532 2848 1680 2916 Decimae
1702 2844 1744 2915 cd
1767 2840 1980 2945 Episcopum

481 2943 684 3038 speslantes,
713 2941 808 3014 &ab
828 2939 995 3039 Episcopo
1019 2942 1091 3012 aliis
1109 2945 1143 3011 in
1166 2936 1304 3013 seudum
1325 2942 1471 3024 collate,
1505 2943 1538 3013 dc
1563 2967 1713 3039 quanam
1737 2969 1801 3040 pro
1824 2970 1977 3037 congrue

482 3039 633 3139 alsgnata
658 3037 783 3113 suerint
805 3043 970 3135 parochis.
1028 3045 1070 3111 Et
1093 3044 1126 3111 in
1149 3040 1332 3135 diplomate
1355 3039 1398 3111 de
1422 3066 1473 3112 on.
1501 3065 1605 3113 1222.
1627 3041 1648 3111 l.
1671 3065 1701 3115 c.
1718 3066 1752 3136 p.
1773 3050 1876 3117 2060.
1894 3044 1977 3117 dici·

481 3166 560 3217 tur:
587 3191 608 3223 „
642 3142 861 3210 Medietatem
896 3141 1043 3208 Decime
1073 3162 1134 3234 per
1157 3161 1259 3208 totam
1285 3161 1409 3208 tertam
1437 3143 1563 3209 Brezen
1588 3141 1758 3210 Henticus
1786 3138 1976 3238 Episcopus

450 3284 453 3293 ·
480 3239 730 3330 ,.(Rononrg.)
755 3233 849 3304 nobis
867 3230 1079 3328 feudalijure
1094 3231 1245 3305 concellst
1261 3259 1327 3306 tam
1355 3237 1395 3308 de
1419 3236 1515 3307 cultis
1543 3260 1642 3330 quam
1664 3236 1705 3307 de
1721 3236 1871 3318 incultis,
1897 3264 1971 3312 me·

423 3322 428 3335 ¹
481 3340 661 3424 „dietatem
679 3359 759 3405 vcro
775 3331 832 3407 scbi
849 3335 1004 3415 retinuit;
1028 3379 1039 3403 .
1066 3384 1075 3402 .
1102 3384 1110 3403 .
1139 3332 1296 3402 Ecclestas
1313 3357 1424 3403 autem
1442 3357 1508 3403 tam
1526 3330 1711 3406 sundnndas
1733 3360 1833 3430 quam
1853 3333 1976 3410 fundu·

481 3460 554 3524 „tas
587 3456 648 3530 per
669 3455 773 3503 totam
803 3452 926 3501 terram
951 3434 1078 3501 Brezen
1103 3427 1289 3524 Episcopus
1315 3431 1459 3501 dotabit.
1515 3432 1549 3501 dc
1584 3431 1689 3503 libere
1709 3430 1898 3528 posscdebit,
1938 3436 1977 3510 oe

349 3620 352 3627 Ι
394 3580 396 3584 -
482 3534 595 3621 „idem
620 3531 758 3625 jusetit
781 3531 815 3599 in
840 3526 991 3599 Ecclefiis
1014 3527 1123 3599 adhuc
1150 3524 1347 3610 fundandis,
1390 3530 1573 3623 recipimus
1595 3528 1731 3625 insuper
1755 3535 1788 3600 in
1810 3529 1972 3605 beneficio

482 3656 570 3727 „pro
586 3631 663 3700 villa
681 3627 908 3708 illandrovvc,
933 3624 1098 3722 quidquid
1120 3626 1325 3697 decimarum
1347 3626 1463 3697 habuit
1487 3625 1669 3723 Episcopus
1689 3630 1721 3697 in
1739 3628 1828 3698 villis
1850 3628 1974 3703 Becke-

482 3751 589 3823 ,·‚ruyz
608 3727 670 3800 dcc.
689 3729 790 3797 torius
813 3748 910 3793 terrae
935 3730 1110 3797 Darnovve
1133 3727 1345 3794 medietatem
1366 3728 1511 3794 Dccimae
1536 3726 1629 3794 Filia
1645 3750 1727 3796 mere
1751 3726 1892 3797 &Filio
1913 3728 1975 3801 suo

450 3829 539 3915 ·.„in
565 3819 665 3895 feudo
696 3819 869 3903 conceffit,
911 3820 1205 3893 medietatem'srbi
1230 3823 1261 3893 dc
1284 3821 1433 3893 Ecclesrae
1459 3820 1522 3892 suae
1548 3827 1686 3894 retinuit
1712 3875 1722 3896 .
1749 3876 1757 3893 .
1786 3879 1793 3895 .
1821 3823 1975 3898 concessit

484 3920 646 4017 „insuper
663 3918 846 4014 Episcopus
869 3922 1015 3991 Nicolao
1031 3919 1101 3990 filio
1117 3946 1193 3989 meo
1217 3972 1228 3992 .
1253 3971 1263 3990 .
1288 3971 1298 3992 .
1324 3919 1440 4018 sylae,
1467 3945 1540 4012 que
1560 3945 1699 3992 vocatur
1723 3923 1859 4002 illotae,
1885 3922 1974 4016 poll·

483 4073 503 4110 „
533 4046 607 4091 uam
624 4020 710 4089 culta
730 4013 849 4097 suerit,
881 4021 961 4087 duos
986 4043 1096 4113 portes
1117 4019 1341 4100 decimarum,
1384 4021 1518 4089 tertiam
1542 4042 1671 4112 partem
1696 4019 1754 4090 fibi
1772 4022 1804 4090 dc
1824 4020 1975 4093 Ecclesiae

331 4162 383 4195 ..e
454 4112 459 4130 ⁹
483 4048 571 4210 „suta
589 4120 746 4195 retinuit,
773 4114 929 4185 Ecclescas
947 4119 1078 4187 veroin
1102 4114 1190 4210 sylva
1205 4117 1335 4186 lilutze
1359 4113 1543 4186 fundendas
1570 4121 1706 4187 Domini
1727 4142 1825 4187 tertre
1848 4118 1889 4188 de
1914 4119 1975 4191 suo

483 4213 669 4305 „beneficio
687 4214 719 4284 dt
738 4198 1113 4308 Episcopusdotabunm
1140 4211 1193 4283 sed
1211 4212 1395 4309 Episcopus
1419 4216 1526 4308 &Jus
1549 4218 1743 4284 Patrcmatus
1760 4215 1911 4296 habebit,
1938 4222 1974 4288 in

325 4384 344 4411 .,
483 4315 597 4410 „sylva
620 4338 730 4384 nutem
751 4316 942 4390 Tarnetviz
965 4310 1123 4412 Ecclesas
1144 4306 1329 4385 fundendas
1344 4309 1528 4410 Episcopus
1550 4311 1695 4399 dotabit,
1731 4315 1839 4426 &cui
1860 4316 1975 4391 voluc-

483 4419 568 4501 „rit,
600 4410 775 4508 prestabit.
791 4416 811 4497 ‚'‚

1856 4712 1975 4785 Bruno
