4784 5550
466 635 561 730 ,Du
587 631 829 711 PAROCHO
858 633 891 709 A
917 630 1152 708 PERCEPT.
1180 632 1358 713 DECer
1385 629 1673 708 NOVALIUM
1691 632 1758 707 bec.
1813 655 1860 724 17

366 818 522 893 eroniae
537 817 649 888 ricino
662 813 767 911 usque
782 815 822 889 od
838 811 936 889 seculi
958 803 1049 894 xlv.
1070 836 1224 913 temporo
1247 816 1383 889 decimae
1398 814 1516 886 codem
1536 811 1637 885 modo
1660 809 1797 888 fuerunt
1810 810 1861 887 so·
1975 874 1977 878 ,

369 916 458 987 lutae.
485 920 816 1010 prout·convincitur
838 941 875 986 ex
893 920 1131 985 Concturo
1157 920 1361 986 'furvum
1387 918 1611 984 rnovrnc.
1635 913 1676 983 dc
1700 938 1729 986 n.
1750 941 1860 1007 ¹3¹0·

370 1016 403 1084 in
418 1016 737 1084 HARTzHumrr
754 1038 832 1084 eone.
843 1039 939 1105 germ.
957 1016 1004 1084 T.
1022 1016 1080 1080 lV.
1099 1037 1131 1105 p.
1154 1034 1231 1103 134.
1253 1012 1310 1083 ubi
1328 1021 1402 1082 Gen.
1422 1036 1475 1096 24.
1495 1011 1563 1079 huc
1581 1012 1752 1101 leguntur:
1784 1019 1859 1083 item

368 1116 500 1182 Decime
515 1113 667 1204 presides
681 1136 739 1180 non
755 1116 786 1180 in
802 1115 954 1194 dorenses,
976 1111 1056 1199 fient
1070 1114 1212 1180 nnnenos
1227 1120 1257 1180 in
1270 1116 1418 1206 plerisque
1434 1114 1519 1180 Locis
1535 1111 1602 1197 fieri
1618 1111 1783 1197 oonsoeuir,
1806 1114 1861 1201 led

369 1214 500 1302 integris
521 1212 700 1298 vineisque,
736 1215 833 1298 pretio
852 1211 885 1284 bi
906 1214 936 1278 in
954 1212 1023 1277 elios
1045 1213 1135 1289 locis,
1160 1234 1199 1276 ex
1217 1213 1321 1299 quibos
1342 1212 1543 1302 provenient,
1569 1205 1620 1287 fieb
1639 1230 1722 1300 poeno
1741 1207 1862 1279 excom-2

369 1308 582 1376 mentions
596 1308 788 1396 integraliter
802 1307 1016 1395 persolvantur
1035 1310 1122 1376 nullis
1146 1309 1281 1375 dedendis
1296 1307 1446 1397 expenso,
1471 1328 1532 1394 poe
1544 1306 1631 1393 fosse
1641 1304 1760 1393 [nerine
1780 1311 1860 1376 ciete

370 1428 432 1475 rem
451 1407 625 1494 hujusmodi
648 1406 864 1473 detinendam.
918 1406 976 1472 Nc
1003 1403 1129 1484 dicam,
1171 1425 1273 1491 prout
1300 1403 1402 1497 aliqui
1423 1402 1556 1481 volunt,
1588 1424 1651 1496 per
1673 1401 1791 1473 domos
1812 1404 1859 1480 ibi

368 1496 514 1573 similius
536 1499 710 1572 denotetur
732 1494 853 1570 soille:
886 1494 1007 1569 frustra
1029 1502 1129 1569 etiem
1156 1504 1410 1572 anmuuus
1431 1497 1603 1569 cavillatur
1621 1497 1721 1569 verbe
1743 1503 1859 1573 decime

365 1599 556 1692 substantie,
582 1597 673 1692 quod
695 1601 784 1668 enim
810 1620 871 1691 per
893 1597 964 1666 huc
993 1596 1093 1666 verbo
1115 1596 1252 1668 decime
1276 1593 1448 1668 frtrbluum
1472 1597 1505 1667 bt
1527 1596 1718 1667 animalium
1740 1599 1860 1671 intelli·

370 1719 508 1789 guntur,
544 1718 637 1791 potet
650 1696 773 1789 purtim
790 1718 828 1767 eu
843 1692 963 1763 odditis
980 1692 1091 1764 verbio
1108 1720 1116 1763 :
1149 1698 1184 1769 io
1200 1698 1345 1776 Laberis,
1372 1698 1495 1789 purtim
1517 1690 1585 1789 ipso
1608 1719 1661 1764 res
1685 1695 1856 1788 loquitur:

373 1799 408 1866 io
429 1817 498 1888 quo
516 1788 812 1865 enimconfillebrt
834 1813 905 1862 tum
928 1794 1089 1885 temporis
1111 1795 1276 1863 Saxonum
1294 1790 1486 1875 substratio,
1512 1789 1569 1862 nist
1592 1795 1625 1861 in
1641 1786 1858 1869 frublibur&
1959 1824 1961 1828 ’

324 1981 327 1985 ¹
369 1890 585 1988 pecudibus?
630 1889 784 1984 &hujus
806 1886 988 1960 substentiae
1017 1885 1185 1961 solvebant
1211 1893 1410 1975 Decimum
1450 1890 1542 1985 quod
1567 1891 1656 1960 enim
1680 1892 1857 1964 Decimum
1920 1919 1923 1924 ·

368 2012 499 2086 portem
516 1983 702 2060 fundorum
718 1987 808 2058 houd
822 1986 975 2058 dederint
992 1983 1125 2077 singulis
1147 1992 1257 2069 ennio,
1284 2012 1347 2084 per
1367 1984 1399 2061 se
1415 2010 1524 2084 potet,
1549 2011 1626 2059 cum
1649 1987 1711 2059 hoc
1725 1991 1858 2064 tutione

368 2082 541 2160 successore
557 2082 706 2157 Ecclclire
721 2109 837 2156 omnen
853 2078 1048 2178 recepissent
1063 2108 1167 2154 terror
1182 2084 1367 2159 incolarum
1381 2089 1547 2166 Saxoniae,
1571 2088 1694 2180 purtim
1711 2086 1857 2180 denique

368 2208 458 2282 petet
474 2209 493 2254 a
507 2181 705 2280 posteriori,
731 2183 812 2252 dum
832 2179 986 2277 Episcopi
1009 2178 1220 2277 Wcllpbolit
1243 2183 1386 2253 decimos
1405 2179 1578 2253 frubluum
1604 2181 1636 2252 dt
1662 2184 1857 2257 animalium

368 2279 439 2380 poli
461 2282 533 2353 haee
562 2281 719 2377 tctr'rporn
734 2276 865 2374 semper
889 2302 1130 2375 perceperunt,
1162 2280 1195 2352 dr
1221 2279 1329 2351 odhuc
1348 2304 1467 2373 magna
1489 2303 1528 2349 ex
1549 2303 1644 2375 porte
1664 2283 1856 2375 percipiunt

367 2377 529 2476 usquead
546 2380 748 2451 hodiernum
762 2376 863 2452 diem.
912 2380 955 2447 Et
969 2375 1049 2449 dum
1065 2375 1116 2474 d)
1137 2402 1175 2450 ex
1194 2374 1346 2452 dedulbis
1360 2377 1430 2474 jum
1446 2395 1558 2475 pact,
1584 2377 1676 2471 quod
1692 2373 1855 2452 exsolutio

369 2477 576 2550 decimorum
595 2497 738 2574 precepto
754 2470 877 2557 suerit,
903 2469 1025 2545 frustro
1043 2476 1079 2545 io
1098 2474 1240 2569 ollegoto
1255 2480 1344 2549 Cor
1356 2495 1367 2547 1
1378 2492 1553 2550 nubunt
1567 2495 1695 2547 toxotur
1713 2472 1856 2550 vocobu-

367 2574 435 2648 lum
452 2575 606 2666 efferent,
628 2598 706 2648 cum
724 2571 850 2645 oblrtio
863 2569 967 2644 fuerit
984 2568 1159 2644 necessario
1178 2597 1216 2645 oc
1237 2595 1405 2671 precepto
1422 2597 1490 2644 non
1511 2595 1622 2645 eutem
1636 2597 1675 2646 ex
1693 2575 1855 2670 monitio·
1965 2635 1971 2644 ,

367 2697 410 2747 ue
423 2672 590 2746 liberrotie
604 2672 638 2752 ἁ
653 2671 801 2755 arbitrii,
828 2669 861 2743 o
877 2671 955 2742 licet
970 2670 1012 2741 od
1032 2673 1074 2761 e)
1101 2670 1243 2743 Corolut
1259 2676 1313 2744 M.
1329 2671 1479 2767 injunget
1499 2667 1691 2768 Episcopir,
1716 2697 1759 2746 nc
1773 2694 1856 2746 con-t

367 2794 417 2847 tro
434 2767 711 2845 nco-conversos
724 2771 758 2842 in
773 2767 942 2863 exigendis
968 2767 1106 2843 decimis
1133 2794 1212 2842 mox
1238 2792 1306 2843 tom
1326 2765 1476 2865 rigorose
1497 2768 1698 2867 procedent,
1724 2770 1787 2844 hoc
1802 2771 1856 2858 dir

366 2863 492 2968 sposoit
505 2895 546 2944 ex
562 2870 749 2968 prudentie
762 2868 911 2961 regulis-,1
933 2862 1052 2963 saepiur
1072 2867 1161 2940 enim
1174 2872 1244 2940 Lex
1258 2891 1324 2941 non
1341 2863 1447 2963 potest
1463 2891 1538 2939 cum
1559 2870 1673 2962 rigore
1688 2869 1760 2942 dori
1780 2866 1856 2947 exc-

367 2972 514 3052 eutioni,
541 2994 582 3041 ex
597 2992 666 3065 quo
680 2988 792 3056 autem
812 2990 879 3038 non
894 2961 1043 3061 sequitur
1056 2963 1165 3059 legem
1184 2965 1274 3038 houd
1296 2959 1392 3038 fuisse
1413 2963 1542 3051 dotum,
1572 2989 1647 3038 nom
1670 2965 1704 3039 in
1731 2971 1853 3043 eodem

350 3069 406 3149 ,1,
423 3094 455 3139 ι.
472 3069 560 3162 Cop.
580 3079 636 3164 38.
651 3069 697 3137 oit
720 3065 809 3137 idem
824 3061 988 3137 Carolus:
1027 3068 1079 3157 qni
1096 3068 1224 3135 decimes
1237 3063 1299 3158 poss
1323 3066 1450 3139 Crebros
1465 3067 1682 3136 admonitiones
1702 3067 1855 3161 &predi-
1993 3084 1996 3089 ’

368 3168 500 3237 teriones
522 3167 719 3237 Sacerdotem
740 3167 814 3234 dete
835 3166 1042 3257 neglexerint,
1078 3168 1389 3248 excommunicentur,
1424 3158 1518 3234 &stc
1533 3165 1771 3237 codrcitionem
1793 3166 1855 3237 Ec·¹

367 3257 575 3335 cleliollicnm
597 3259 749 3332 adhiberi
765 3260 888 3343 uoluit,
911 3258 1104 3329 ‘devoluto
1128 3258 1243 3356 eliquo
1259 3263 1422 3355 temporis
1444 3255 1549 3357 spurio
1564 3265 1663 3333 etiam
1684 3264 1854 3334 executio·

368 3383 448 3433 uem
466 3356 648 3451 rigorosnm
672 3361 867 3454 imperavit,
905 3358 938 3428 br
964 3355 1124 3453 dispositio
1144 3359 1233 3430 idem
1256 3359 1396 3430 Carolus
1413 3363 1450 3430 L.
1474 3364 1517 3430 V.
1542 3357 1853 3455 cepit.1or.lupte

367 3457 528 3550 ollcgoto‚
551 3480 586 3528 ut
602 3453 725 3528 scilicet
738 3463 840 3528 nolens
852 3458 973 3543 soluere
987 3462 1136 3537 decimos,
1152 3457 1184 3546 st
1202 3457 1339 3542 mesebon
1353 3458 1467 3542 fuerit,
1492 3460 1534 3527 ed
1553 3463 1738 3548 presentiam
1761 3463 1852 3552 Regis

367 3561 478 3628 venire
500 3561 707 3650 compelletur,
737 3560 833 3626 ceteri
854 3578 933 3625 vero
955 3553 1195 3644 distringantur,
1227 3575 1263 3625 ot
1282 3560 1378 3626 inviti
1402 3555 1530 3638 Ecclese
1553 3554 1733 3640 restituent,
1772 3557 1852 3646 qood
1916 3586 1922 3591 ·

367 3658 546 3726 volontarie
563 3657 637 3723 deee
659 3657 868 3745 neglexerunt.
891 3650 924 3722 bt
947 3650 1025 3722 licet
1043 3645 1083 3741 s)
1106 3654 1139 3721 in
1160 3650 1577 3747 ollegotisCopituloribur
1597 3648 1770 3724 defundis
1793 3655 1852 3725 Ec·

366 3748 539 3823 clelierum
555 3749 769 3821 beneficirrio
782 3754 865 3845 Jure
885 3745 1027 3845 polseffis
1043 3770 1175 3839 ogttur,
1194 3750 1285 3843 quod
1300 3771 1408 3821 tomen
1422 3746 1516 3820 fimul
1534 3752 1634 3821 etium
1650 3749 1851 3842 generaliter

366 3847 488 3921 solutio
504 3850 709 3920 deeimarum
730 3846 884 3918 omnibus
902 3847 935 3917 dt
951 3870 1019 3915 non
1042 3846 1147 3918 solum
1165 3846 1306 3943 plebejis
1324 3849 1558 3942 precipiatur,
1588 3873 1627 3919 ex
1643 3845 1851 3945 perleblione

366 3945 535 4021 (libiorum
557 3946 793 4043 Copirulorum
815 3945 848 4015 bt
869 3946 949 4015 locis
971 3942 1069 4039 supra
1094 3946 1242 4038 ollcgotis
1263 3943 1308 4017 cll
1326 3943 1553 4027 menifestum,
1586 3971 1695 4042 neque
1719 3944 1849 4026 obllnt,

365 4046 456 4141 quod
474 4043 600 4140 praedio
616 4044 648 4115 br
665 4040 731 4113 fisci
748 4045 843 4132 Regii
861 4043 1087 4114 indominicoti
1107 4043 1158 4115 rel
1184 4071 1201 4112 o
1218 4046 1309 4136 Rege
1330 4043 1382 4115 rel
1401 4041 1441 4114 rb
1458 4043 1530 4117 eliis
1547 4040 1677 4140 possein.
1692 4069 1709 4115 o
1726 4041 1851 4116 soloen·

365 4144 417 4215 dir
433 4141 603 4240 Episcopo
621 4143 771 4214 Decimio
787 4136 912 4212 suerint
929 4143 1112 4224 immunes,
1144 4142 1210 4213 hoc
1231 4145 1319 4213 enim
1345 4139 1458 4213 stltem
1481 4143 1609 4225 denuo,
1641 4142 1731 4235 quod
1749 4145 1849 4213 varie

366 4241 502 4314 decimor
525 4241 691 4320 Loicolco,
714 4240 807 4333 quod
831 4237 920 4308 houd
942 4262 1120 4329 negemus,
1152 4237 1377 4321 obtinuerint,
1400 4242 1577 4315 evincitur.
1627 4245 1703 4309 Nec
1720 4240 1765 4332 g)
1785 4236 1850 4313 ob·

366 4336 448 4425 slot,
474 4343 603 4430 Regee,
629 4340 801 4432 Principes
820 4334 852 4409 dr
871 4334 1032 4433 Dynellor
1053 4340 1087 4406 in
1105 4336 1170 4411 suis
1186 4333 1332 4410 fundiso
1355 4339 1507 4411 Decimio
1525 4335 1643 4413 Eccles
1664 4334 1779 4411 liberis
1794 4333 1850 4409 sae·

365 4440 440 4534 pius
455 4430 605 4510 fundolse
620 4434 778 4507 Ecclefirs
795 4434 827 4506 be
843 4436 1013 4531 (lupellos,
1037 4434 1078 4504 de
1094 4461 1162 4530 quo
1178 4461 1288 4508 nutem
1307 4430 1393 4506 infre
1408 4433 1511 4507 fufius
1526 4458 1645 4526 ugetur
1702 4496 1705 4501 .

392 4540 394 4551 '
480 4544 572 4622 olum
590 4542 816 4627 Argumentum
833 4532 929 4629 plone
945 4530 990 4605 esi
1004 4534 1203 4614 irrelevant,
1230 4538 1452 4629 impingitque
1468 4555 1580 4604 contm
1596 4558 1729 4604 omnem
1747 4529 1849 4604 fidem
1979 4593 1982 4597 ,

367 4629 574 4733 historicum,
601 4628 965 4729 noneni'mscquitur:
1002 4637 1046 4726 r)
1071 4634 1211 4708 Carolus
1234 4637 1285 4706 M.
1312 4629 1467 4730 potuisset
1487 4635 1643 4707 Decimus
1666 4628 1848 4706 Suionibus
2001 4675 2004 4683 -

420 4728 550 4810 Tomos
573 4726 665 4812 VII.
989 4770 993 4776 ·
1104 4808 1107 4812 ,
1274 4734 1302 4806 C
1491 4826 1494 4831 Ι
1702 4722 1849 4853 impofi7
