4784 5550
483 606 746 696 lNSlNUA'l'.
764 610 973 691 PRIMAR.
992 608 1679 728 PRECUMcAEsnR,NEOssst1T.
1698 620 1765 703 dre.
1808 646 1887 727 315

432 786 535 911 pilium
552 805 629 883 ailo
649 809 767 883 collata
785 806 900 886 suerit.
948 810 1047 884 Prior
1064 809 1233 888 diceretur
1254 812 1379 890 habere
1400 813 1506 890 soloin
1526 816 1727 895 Mandatum
1747 818 1790 896 d‘e
1807 785 1889 922 pto·

432 909 570 991 ridendo,
596 907 660 982 ssve
675 906 886 1004 Rescriptum
899 915 1011 1005 gratia
1018 911 1181 1004 sarienda,
1208 912 1260 984 ael
1289 914 1498 1012 Rescriptum
1515 922 1630 1009 gratiae
1653 924 1687 991 iu
1700 922 1804 1013 farina
1818 944 1891 1004 tane

433 1034 478 1082 uni
502 1009 721 1101 commonia,
758 1005 822 1079 fite
843 1014 990 1103 Dignam.
1045 1009 1142 1081 Alter
1166 1034 1248 1083 vero
1269 1020 1417 1085 aiiualeiir
1436 1019 1654 1109 provisorem,
1685 1018 1738 1090 vel
1760 1015 1890 1094 Rescri-

432 1129 496 1179 aum
513 1103 651 1178 assualio
670 1105 865 1203 provisionis
887 1114 918 1177 iir
933 1110 1033 1194 soma
1042 1108 1198 1200 gratiosa,
1223 1109 1274 1180 vel
1286 1118 1394 1204 gratia
1404 1116 1471 1205 jairi
1487 1117 1585 1201 [ada.
1637 1112 1888 1193 Praesercndutu

432 1231 473 1278 um
490 1201 552 1277 else
573 1200 792 1301 posteriorem
811 1202 981 1286 statuitur,
1003 1204 1080 1276 litei
1097 1206 1193 1300 prior
1211 1204 1283 1277 suaa
1311 1208 1424 1281 literas
1442 1210 1509 1305 jam
1538 1235 1632 1284 antea
1656 1210 1887 1309 prasentaslet,

431 1327 472 1375 no
484 1304 551 1398 jam
581 1299 772 1375 investitura
794 1302 955 1384 donatus,
981 1302 1014 1372 dt
1043 1305 1076 1371 in
1101 1307 1349 1377 canonicorum
1373 1331 1549 1379 numerum
1577 1333 1712 1404 quoque
1732 1307 1810 1382 esset
1835 1335 1889 1386 re·

431 1425 556 1594 &ps
578 1397 788 1578 Aluultdslll
807 1404 1001 1568 suillinis?
1021 1399 1369 1572 pi‘vterlgadlegatutp
1384 1404 1405 1473 si
1420 1405 1532 1572 puopn
1553 1406 1630 1574 clatp
1650 1432 1888 1574 cnncptreutca

550 1524 665 1571 atinam
714 1524 830 1567 cciii
905 1525 944 1567 ua
1034 1525 1043 1567 i
1092 1553 1101 1583 ,
1185 1523 1261 1570 uter
1286 1526 1328 1573 ue
1360 1526 1428 1572 imu
1460 1529 1497 1575 te
1532 1530 1601 1574 maii
1625 1529 1710 1574 iiam
1748 1532 1763 1574 e
1802 1532 1887 1578 ravi·

431 1603 514 1684 rada,
533 1598 584 1669 vel
604 1524 838 1691 Rescripiriili'ii
849 1524 953 1688 solino
965 1598 1101 1688 gratiosa
1113 1594 1177 1669 ste
1190 1526 1326 1668 aslulllis
1351 1598 1547 1694 provisionis
1568 1601 1763 1680 obtinuerit.
1781 1529 1886 1678 p‘satira

432 1699 496 1767 tior
520 1719 675 1793 tempore
692 1692 894 1789 potiorjure
920 1692 1088 1774 censetur,
1117 1693 1208 1765 &ad
1228 1694 1513 1790 presentationem
1540 1699 1604 1770 sve
1632 1698 1886 1775 insinuationem

431 1815 571 1865 terarum
591 1789 785 1885 respicitur,
811 1790 843 1859 id
864 1791 929 1872 esl,
956 1795 1011 1884 qui
1035 1815 1129 1883 prior
1151 1793 1263 1864 literas
1289 1793 1359 1864 luas
1378 1798 1562 1867 Ordinatio
1592 1796 1822 1880 insinuaverit,
1839 1798 1885 1869 al·
1958 1871 1961 1876 ,

431 1897 467 1965 cti
485 1886 684 1990 prefertur,
711 1896 863 1983 quamvis
886 1913 961 1960 ante
980 1886 1273 1984 presentationem
1300 1893 1436 1964 ulterior
1459 1896 1601 1964 necdum
1623 1900 1654 1963 in
1677 1900 1884 1969 canonicum

432 1989 479 2064 set
496 2013 661 2087 receptus.
718 1993 824 2058 Tertia
849 1991 1042 2067 confiderint
1067 1989 1220 2063 demum,
1240 1987 1260 2057 si
1284 1990 1386 2060 iidem
1404 1995 1436 2060 in
1457 1986 1566 2061 forma
1593 1994 1765 2063 literatum
1784 2015 1884 2086 parea

431 2088 497 2160 lmul
539 2113 559 2157 u
610 2087 958 2178 ueeodcmtenipore
984 2083 1235 2154 insinuarent&
1261 2084 1735 2181 prasentarenisursliierar.
1787 2095 1883 2164 Tum

431 2191 498 2284 prio
513 2113 547 2257 l
562 2113 697 2256 ⁰sleklio
723 2181 854 2280 ipfimet
877 2183 1059 2252 Ordinatio
1082 2182 1273 2263 Collainri,
1298 2186 1349 2256 vel
1374 2188 1504 2277 integro
1526 2187 1699 2279 collegio,
1724 2186 1764 2256 ad
1789 2188 1883 2283 quod

433 2287 546 2358 attinet
562 2278 750 2378 dispostio,
769 2279 853 2351 salva
872 2281 903 2351 dr
921 2283 1048 2369 integra
1067 2282 1289 2375 relinquitur,
1317 2282 1420 2365 adeo,
1437 2306 1474 2353 ut
1489 2307 1555 2354 non
1576 2307 1730 2381 receptor
1746 2285 1796 2355 rel
1814 2310 1882 2357 non

431 2379 524 2455 leani
543 2385 675 2479 penitus
693 2383 792 2449 etiam
810 2402 873 2470 pro
897 2372 1013 2446 sotiirn
1033 2373 1155 2446 effcilu
1177 2373 1350 2449 literatum
1374 2378 1506 2451 suarum
1523 2406 1651 2462 eareat,
1671 2379 1729 2451 nis
1748 2382 1882 2456 aliunde
2036 2457 2042 2470 ,

434 2479 562 2552 robetut
573 2479 772 2574 ampliorem
790 2471 882 2546 soille
901 2472 1120 2545 Rescribentis
1138 2473 1307 2545 Pontificio
1326 2480 1556 2550 intentionem.
1582 2466 1586 2474 ¹
1608 2480 1789 2571 Posteriores
1808 2481 1883 2553 due

430 2581 645 2664 ialisrrarioiics
664 2574 704 2645 ad
730 2571 925 2670 ptaeseniem
948 2571 1085 2665 scopum
1108 2596 1175 2643 non
1199 2579 1395 2669 pertinent,
1423 2575 1479 2648 obi
1502 2573 1637 2672 questio
1659 2576 1755 2648 nobie
1773 2576 1817 2648 esl
1837 2578 1882 2651 de

430 2677 528 2768 icariis
545 2677 686 2769 gratiam
704 2669 979 2752 concedentibus,
994 2669 1180 2741 Ordinatio
1197 2671 1351 2746 videlicet
1365 2671 1400 2744 or
1415 2676 1636 2771 Imperatore.
1681 2674 1881 2773 Capitulum

430 2800 480 2851 eto
497 2774 688 2866 adlegatum
704 2774 829 2842 candem
848 2766 1083 2841 concedentem
1099 2764 1295 2841 Pontificem
1315 2766 1485 2867 supponit,
1533 2777 1628 2844 Turn
1646 2777 1741 2856 tiata,
1762 2776 1882 2870 inqua

430 2900 469 2949 uo
489 2876 712 2970 impetrantes
735 2869 952 2947 conveniunt,
972 2866 1127 2938 identitas
1147 2860 1376 2967 difficultatem
1401 2865 1526 2938 ibidem
1548 2866 1697 2952 suscitar,
1727 2894 1801 2967 que
1821 2873 1883 2944 du·

430 2975 492 3045 ium
511 2972 687 3062 utriusque
702 2971 763 3063 Jus
788 2962 877 3037 sicit.
928 2969 1021 3034 Nam
1047 2960 1219 3061 Rescripta
1243 2966 1357 3055 gratia
1377 2964 1516 3061 priora,
1541 2964 1583 3037 de
1604 2960 1724 3062 quibua
1745 2965 1883 3052 conslat,

430 3065 642 3143 ulierintibus
661 3065 861 3160 prevalere,
887 3061 1076 3158 expeditum
1094 3058 1150 3134 est.
1200 3063 1321 3133 Tacite
1337 3066 1427 3134 enim
1444 3064 1485 3133 iia
1503 3062 1591 3134 haud
1616 3061 1809 3156 derogatur.
1841 3068 1883 3158 a)

430 3170 573 3241 littero
595 3168 685 3235 daras
710 3157 881 3232 manifesse
906 3159 1045 3255 diversas
1072 3156 1317 3254 supponimus,
1344 3166 1473 3254 priorem
1498 3159 1651 3233 videlieet
1675 3161 1883 3257 Diplomatia

430 3262 541 3339 'esarei
558 3261 797 3334 Primitiarum
818 3264 977 3338 l'recum,
1000 3256 1189 3352 posteriorem
1205 3279 1287 3327 vern
1311 3257 1511 3330 Collationia
1532 3259 1585 3330 tel
1602 3256 1800 3331 Provisonia
1817 3263 1885 3331 Ot-

430 3363 536 3439 inatii.
584 3358 687 3430 Unde
707 3365 817 3453 prima
840 3378 969 3429 rantum
993 3351 1213 3427 consideratio
1237 3351 1389 3449 prasenti
1416 3353 1529 3427 noslto
1547 3355 1650 3451 scopo
1681 3381 1720 3428 ac
1744 3357 1886 3429 themati

429 3461 575 3556 ongruit,
595 3479 697 3552 atque
716 3478 851 3526 eatenus
872 3451 1098 3545 suffragatur,
1120 3451 1212 3546 quod
1233 3450 1398 3525 ailualem
1419 3452 1641 3525 collationem
1659 3452 1824 3526 Mundaro
1842 3453 1886 3526 de
2031 3518 2043 3537 ,

433 3554 611 3631 rotidentlo
627 3555 736 3650 quoad
755 3555 874 3623 Duram
892 3558 1102 3624 concurrenti
1122 3544 1365 3645 preferendam
1386 3546 1523 3631 slatuat,
1539 3551 1674 3645 eoquod
1700 3550 1756 3621 illa
1775 3546 1887 3646 perse·

429 3655 495 3730 lunt
516 3660 578 3754 Jua
593 3657 627 3723 in
651 3648 818 3724 Beneficio
841 3647 975 3726 tribuat.
1026 3650 1166 3718 Certum
1185 3650 1274 3719 enim
1296 3645 1366 3732 est,
1390 3655 1507 3721 Precea
1529 3648 1695 3742 ejusmodi
1720 3647 1885 3720 Casateaa

429 3755 527 3827 indam
548 3747 612 3824 else
635 3751 922 3829 nominationem,
946 3745 998 3816 rel
1018 3745 1171 3816 Mandaei
1193 3746 1362 3841 speciem,
1381 3744 1475 3844 quod
1496 3743 1639 3817 necdum
1662 3745 1723 3840 Jua
1747 3745 1885 3842 aliquod

429 3855 593 3927 dominatu
609 3850 642 3919 in
661 3844 863 3918 Beneficium
883 3843 1019 3927 tribuit;
1044 3840 1133 3914 &sic
1151 3848 1317 3916 Mandata
1333 3843 1488 3915 duntaxat
1509 3846 1729 3941 aequiparari,
1749 3843 1885 3938 eoquod

429 3951 606 4023 ltdinariue
634 3967 761 4017 tantum
784 3944 939 4038 jubeatur
965 3964 1001 4011 ac
1026 3939 1143 4037 reapse
1163 3962 1300 4107 quopue
1326 3963 1479 4013 teneatur
1501 3936 1656 4014 conserte
1679 3938 1883 4013 Beneficium

429 4044 579 4127 'recissoe,
604 4040 627 4114 si
639 4048 753 4126 ¹vacet,
771 4044 841 4112 imo
856 4041 896 4111 ad
914 4039 947 4111 id
965 4041 1064 4109 etiam
1089 4061 1150 4133 per
1171 4062 1232 4109 con
1263 4040 1364 4109 iiutna
1388 4036 1483 4110 smol
1506 4042 1707 4111 Erecutores
1723 4036 1883 4132 compelli

429 4140 513 4226 alsit.
565 4146 692 4216 ciram
716 4165 795 4214 vero
812 4138 948 4211 aiiualis
965 4135 1006 4209 ab
1026 4137 1209 4306 Ordinprio
1226 4135 1330 4210 libere
1350 4132 1410 4210 suu
1427 4133 1563 4213 Proviso
1587 4137 1820 4210 antecedenter
1815 4129 1885 4305 asa·

1173 4259 1191 4306 t
1218 4258 1237 4305 2
1850 4256 1885 4321 a,

443 4484 482 4568 a)
504 4477 619 4546 Conse
646 4476 717 4558 Cap.
736 4475 915 4558 Capitulum
933 4473 965 4541 S.
984 4473 1094 4542 Crocia
1108 4462 1196 4543 xiix.
1213 4474 1249 4540 dr
1265 4471 1432 4559 Restripiit
1453 4473 1525 4560 Cap.
1555 4474 1599 4541 Hi
1615 4478 1668 4559 qui
1695 4473 1769 4561 Cap.
1787 4473 1883 4555 Eum,

521 4564 586 4647 qui.
606 4563 642 4627 da
661 4559 813 4626 haband.
829 4564 862 4622 iii
875 4558 907 4623 ό.
1029 4611 1034 4620 .
