4784 5550
497 620 765 704 insinuas.
789 617 999 701 PRIMAR.
1020 611 1231 710 PRECUM
1251 624 1437 712 CAESAR.
1459 628 1799 718 trecassinae.
1838 661 1906 734 341

432 807 523 882 laree
541 802 763 882 Ecclellarntn
779 804 934 880 idoneam
952 803 1077 901 absque
1092 803 1158 877 ulla
1175 801 1348 881 simoniaca
1364 807 1437 883 labe
1451 811 1555 886 aliave
1571 807 1689 889 sraude
1704 809 1851 891 efficeres
1867 819 1914 891 es·

432 903 478 989 ἓ,
510 905 722 1000 &Capitulo
738 904 790 975 vel
808 907 992 976 Ordinatio
1015 903 1178 974 Collatori
1202 905 1288 976 haud
1308 907 1552 1001 praejudiciales
1575 909 1732 988 fatemur.
1782 916 1917 990 Hincsi

432 1030 459 1076 n
481 1005 605 1077 eodeni
628 1002 821 1096 Diplornttc
838 1004 953 1098 plures
973 999 1128 1072 Procillas
1148 1001 1189 1072 ad
1207 1003 1345 1075 eandem
1370 1006 1547 1079 Ecclesiam
1571 1006 1663 1080 simul
1685 1009 1792 1083 easar
1809 1019 1917 1087 nomi·

432 1097 549 1184 nasset,
576 1101 624 1172 uti
644 1096 766 1171 fratres
788 1100 891 1183 alios,
915 1101 971 1171 uni
996 1096 1181 1198 deficienti.
1205 1101 1355 1196 cedenti,
1378 1127 1433 1174 aut
1457 1110 1684 1199 premorienti
1702 1107 1914 1195 lubslitutoe,

432 1198 513 1272 nihil
536 1195 612 1270 sane
630 1196 798 1268 ulterioris
814 1197 948 1269 cautela
969 1220 1056 1291 opus
1072 1191 1170 1273 soret.
1186 1195 1219 1284 c)
1248 1202 1346 1268 Extra
1366 1200 1453 1271 hunc
1477 1225 1556 1273 vero
1574 1201 1682 1274 casum
1704 1204 1744 1277 ab
1759 1205 1831 1301 ipso
1850 1214 1914 1303 po·

431 1300 496 1370 titre
513 1292 644 1367 Celare
657 1295 829 1366 translatio
840 1297 934 1390 Juris
950 1296 1079 1365 cedenti
1095 1297 1264 1386 quondam
1282 1298 1511 1393 perDiplonia
1524 1299 1663 1372 concessi
1679 1305 1712 1372 in
1725 1305 1826 1376 aliurn
1839 1308 1913 1399 ejus

431 1389 657 1468 cessionarium
673 1394 884 1488 impetranda
899 1389 995 1472 esset,
1023 1416 1096 1485 quae
1115 1387 1326 1487 transcriptio
1341 1418 1479 1489 precum
1501 1395 1614 1492 paffitn
1636 1403 1765 1481 vocari,
1793 1402 1826 1473 dt
1847 1428 1914 1474 non

431 1493 513 1565 rdeo
532 1487 726 1585 infrequens
747 1487 809 1560 else
833 1489 925 1561 solet.
975 1487 1133 1582 Ejusdem
1151 1491 1341 1584 exemplum
1362 1491 1496 1564 exhibet
1521 1503 1714 1569 auron.
1741 1502 1913 1579 Fauen.

431 1587 750 1685 OAntiquiusjam
776 1584 1397 1659 sub1.unov.Bivai0edirum
1423 1586 1913 1688 reformaturus)
2040 1633 2043 1638 ·
2082 1665 2088 1672 ,

431 1688 511 1784 Ejus
534 1690 652 1783 praxin
677 1684 709 1755 dt
732 1684 876 1757 cautelas
899 1682 1040 1756 sollicite
1056 1708 1120 1779 pro
1139 1707 1234 1756 rnore
1255 1682 1314 1756 suo
1334 1685 1490 1759 describit
1507 1687 1657 1760 laudatus
1676 1696 1849 1766 Bonan.
1870 1696 1911 1786 f)

431 1789 506 1860 Hic
522 1786 663 1866 ,tlemutn
686 1778 771 1854 sabla
787 1788 848 1879 Jus
870 1785 994 1875 prioris
1011 1779 1160 1851 Precislae
1176 1782 1323 1852 cedentia
1344 1783 1414 1878 jatn
1437 1784 1616 1857 ertinllunt
1638 1788 1844 1873 declaratur,
1869 1792 1929 1872 ab„

433 1883 500 1956 tfl‘l
512 1901 598 1956 vero
615 1876 806 1950 cessionario
820 1903 942 1950 novum
961 1879 1165 1973 adquiritur.
1208 1879 1272 1949 Sed
1287 1880 1337 1950 vel
1354 1880 1430 1952 inde
1444 1881 1517 1952 satis
1532 1884 1716 1956 luculenter
1732 1887 1915 1978 colligitur,

431 1979 603 2054 sedentem
617 1976 700 2048 nihil
716 1977 801 2070 juris
817 1980 849 2046 in
863 1973 1091 2048 cessionarium
1109 1978 1247 2071 propria
1265 1977 1437 2051 volontate
1454 1976 1636 2051 transferre
1649 1979 1756 2076 polle,
1783 1983 1837 2056 sed
1854 2011 1914 2056 nu·

431 2076 480 2150 die
498 2075 656 2172 precibus
678 2071 1025 2169 &supplicationibus
1039 2097 1102 2168 per
1121 2074 1195 2143 suos
1217 2072 1358 2165 hujusve
1373 2077 1407 2145 in
1426 2076 1511 2146 Aula
1534 2074 1680 2148 Caesarea
1699 2084 1860 2152 Fautores
1879 2107 1917 2155 oc

431 2177 594 2249 Patronus
615 2196 731 2266 agere,
764 2191 802 2240 ut
817 2174 1009 2283 Imperator
1026 2192 1089 2264 pro
1109 2166 1237 2241 summo
1261 2169 1438 2244 clemencia
1456 2170 1603 2267 idipsum
1623 2173 1804 2249 transferre
1822 2178 1915 2257 velit.
2060 2209 2066 2218 ·

431 2267 537 2346 cessio
553 2292 663 2342 autent
683 2264 809 2340 occasio
824 2265 889 2348 cll,
917 2290 982 2361 qua
1000 2291 1028 2338 ts
1044 2287 1216 2348 movetur,
1242 2290 1298 2339 aut
1313 2269 1479 2350 conditio,
1504 2267 1570 2342 sine
1589 2295 1654 2366 qua
1670 2272 1839 2346 ordinarie
1854 2299 1916 2349 nee

430 2365 535 2540 lli:
555 2363 1034 2536 lillil‘lll‘dll03·
1047 2363 1329 2533 :llll‘zlil‘ss
1355 2369 1510 2532 ΜΞ»
1528 2368 1618 2534 op
1642 2372 1675 2438 ¹¹¹
1692 2369 1917 2487 “⁰'‘s“³¹³‘⁵⁰'

433 2490 639 2638 manriosem
658 2558 761 2641 fieri,
789 2561 878 2630 haud
901 2486 1084 2651 incongbbc
1110 2469 1918 2644 animadsclrtbtrbbfumllndbcbollbuytiabblblsrtbbbb

435 2664 535 2735 tionis
553 2684 571 2732 a
592 2661 700 2756 priori
717 2659 794 2748 licet
808 2653 948 2727 Preeissa
966 2652 1061 2727 salle
1086 2658 1172 2727 ratio
1189 2654 1338 2727 habende
1355 2654 1409 2729 est.
1462 2658 1525 2729 Sed
1542 2663 1589 2730 nti
1606 2684 1731 2733 novutn
1748 2662 1846 2758 plane
1859 2664 1916 2760 jus
2043 2721 2051 2726 .

432 2755 610 2833 suuni'non
627 2755 667 2827 ab
683 2753 761 2838 illo,
787 2751 841 2825 sed
865 2753 903 2824 ab
920 2748 1154 2846 Augullisllmo
1174 2752 1377 2826 concedente
1398 2752 1481 2826 alter
1501 2752 1719 2830 Ceffionarios
1741 2761 1916 2855 consequi·

435 2878 509 2944 πυτς
535 2859 581 2929 ita
602 2879 620 2926 a
635 2850 810 2951 semetipso
828 2853 1054 2931 conditiones,
1079 2849 1119 2921 ad
1135 2847 1294 2921 effectum
1310 2851 1399 2935 illios
1419 2847 1687 2944 consequendum
1703 2856 1914 2941 necessarias,

438 2954 578 3029 &novo
600 2953 736 3024 inchoet
753 2973 852 3046 atque
876 2945 1027 3043 perficiat
1043 2944 1089 3019 cll
1109 2944 1253 3028 necesse,
1287 2971 1368 3043 quas
1386 2951 1472 3019 inter
1494 2951 1696 3043 praecipuam
1715 2959 1915 3040 reprimam
2056 3010 2065 3021 .

437 3048 496 3127 effe
510 3049 763 3125 irfiuuationem
781 3052 846 3120 rite
863 3046 1070 3129 faciendam,
1095 3068 1158 3140 per
1171 3066 1276 3117 totatn
1294 3046 1401 3128 hanc,
1425 3067 1680 3142 quantacunque
1695 3046 1761 3132 eil,
1784 3047 1916 3134 nidera

437 3152 594 3225 urionem
615 3148 825 3221 deduximus.

476 3338 506 3423 t)
525 3332 640 3404 Simlla
660 3334 842 3418 exemplum
862 3332 895 3396 in
911 3327 1055 3395 Precibus
1079 3314 1360 3407 Brandenbntglcls
1380 3328 1476 3394 refert
1501 3326 1725 3398 Procurrere
1745 3334 1784 3401 ed
1808 3331 1909 3403 Instit.

549 3417 751 3485 Verrium
774 3415 951 3481 illustratas.
980 3411 1019 3478 T.
1036 3409 1093 3477 lll.
1109 3411 1178 3479 Lib.
1195 3411 1254 3478 lll.
1274 3410 1340 3480 Tit.
1354 3429 1385 3482 2.
1409 3413 1443 3496 ἓ.
1462 3429 1511 3478 10.
1531 3409 1593 3481 Lit.
1609 3413 1643 3480 b.

474 3536 511 3620 l)
533 3533 813 3612 Gledldrlldntltp.
835 3530 875 3598 T.
890 3550 940 3616 50.
959 3552 989 3614 p.
1004 3541 1077 3609 283.

475 3658 506 3736 a)
524 3651 644 3721 Subbd.
657 3651 797 3735 Diplorn.
817 3650 912 3719 Toni.
927 3650 968 3718 ll.
989 3668 1061 3735 pag.
1078 3646 1110 3715 6.

472 3768 512 3857 Ι)
537 3770 616 3841 Lae.
637 3772 693 3839 cit.
715 3765 831 3849 §.xli

986 3982 1425 4070 TANTUM..
