4784 5550
467 595 1765 715 ·1N81NUAT.PR1MAR.Paucurrctusau.·1uacasslr.uc.
1803 629 1873 712 3¹3
1945 653 1948 657 -
2064 521 2074 542 ·

430 802 543 858 tentem
562 778 652 853 suam
671 781 882 878 exprimens:
909 779 996 862 „Sed
1014 801 1127 852 atrum
1146 806 1232 879 opus
1249 780 1288 855 st
1301 781 1518 859 insinuatione
1539 788 1652 880 gretia
1667 790 1807 863 Prerum
1821 781 1877 865 arr·

430 904 449 953 'e
465 879 617 972 mensem?
642 884 691 951 lta
711 879 856 956 viderur.
904 882 998 949 Nam
1013 879 1092 950 alias
1108 886 1282 952 ordinariis
1297 908 1402 956 manas
1425 910 1483 955 aaa
1502 886 1593 977 effert
1609 890 1727 978 ligare,
1754 886 1874 984 passer·

430 1003 484 1075 pue
506 973 661 1050 conserte
687 999 883 1048 occurrente
909 978 1125 1058 vacatione„
1158 980 1277 1051 Eidem
1297 979 1515 1076 adstipulatur
1536 989 1757 1056 Araricus
1781 986 1816 1078 b)
1831 985 1874 1064 ‘dr
1927 985 1931 996 ’

430 1080 452 1149 ti
471 1076 614 1148 eundern
634 1073 806 1147 Praestdem
823 1072 960 1158 habuit,
985 1098 1085 1171 quem
1104 1074 1136 1146 dr
1152 1080 1272 1148 ducem
1290 1076 1667 1172 sequiturJoauuus
1694 1084 1878 1158 Paratae.

430 1194 477 1246 us
504 1176 772 1247 Generum.
799 1199 832 1246 v.
856 1174 1040 1244 Giiatcrr
1063 1170 1101 1261 r)
1122 1172 1252 1246 verbis:
1287 1177 1366 1256 „laic
1392 1201 1528 1271 quoque
1551 1181 1634 1273 Jura
1657 1177 1874 1269 vigilantibus
1995 1253 2008 1269 ,

430 1272 536 1370 'cripta
561 1268 646 1343 sunt.
696 1273 864 1362 Quocirca
888 1271 1048 1365 Diploma
1075 1274 1215 1342 Precum
1238 1271 1424 1344 Castreum
1449 1298 1603 1371 tempore
1631 1275 1771 1373 locoque
1797 1302 1875 1350 con·

430 1393 499 1459 :ruo
521 1368 712 1442 Ordinariis
734 1367 950 1438 collatoribus
968 1370 1140 1457 infinum,
1171 1395 1346 1462 vacansque
1367 1370 1536 1464 speciatim
1559 1369 1759 1445 Beneficium
1785 1376 1872 1449 intre

430 1465 560 1541 oensem
579 1490 597 1536 a
613 1466 667 1536 die
685 1489 771 1536 notae
787 1467 965 1535 vacationis
984 1468 1135 1561 accipere
1148 1468 1200 1538 rel
1216 1465 1286 1564 ipse
1302 1469 1354 1540 rel
1377 1493 1439 1563 per
1457 1469 1558 1540 alium
1575 1469 1680 1542 debet.
1695 1519 1717 1555 „
1766 1479 1873 1546 Acce·

430 1561 591 1638 tilluslris
611 1566 796 1633 Partus
815 1561 855 1632 ab
876 1566 1119 1638 IcKsTrt‘rT
1142 1548 1183 1658 d)
1207 1563 1385 1636 adfirmans
1408 1555 1621 1648 „Ordinari‘ia
1644 1567 1872 1642 collatoribus

430 1669 477 1759 [us
492 1657 687 1735 conserendi
700 1657 864 1732 Beneficia
882 1684 948 1731 aon
961 1655 1025 1731 elle
1039 1659 1253 1755 ademptum,
1278 1664 1437 1759 quamdiu
1452 1690 1517 1734 non
1533 1662 1674 1747 constat,
1690 1663 1870 1740 Precillant
1998 1693 2005 1701 ·

430 1760 579 1859 tuendam
600 1756 785 1829 Caesareum
808 1755 925 1831 adesse.
974 1757 1160 1830 Candidato
1176 1762 1279 1851 igitur
1297 1785 1358 1857 per
1374 1766 1491 1833 Preces
1508 1764 1678 1832 nominato
1694 1762 1868 1843 incumbit.

430 1884 449 1932 tt
463 1859 646 1930 Ordinatio
662 1856 822 1928 Collatori
838 1878 911 1925 aare
927 1858 1110 1943 Beneficium
1124 1881 1242 1928 vacans
1257 1862 1374 1930 Preces
1389 1857 1446 1929 fibi
1463 1858 1502 1929 ab
1518 1864 1727 1952 imperatore
1739 1857 1870 1931 conces·
2015 1947 2018 1952 ι

430 1956 460 2028 is
476 1952 541 2029 effe
560 1954 700 2035 indicet,
725 1977 795 2046 quo
811 1956 857 2024 bic
874 1954 982 2043 resciat
997 1958 1027 2023 in
1047 1952 1114 2030 usu
1130 1961 1281 2026 vacantia
1295 1980 1411 2026 manus
1427 1954 1483 2025 fibi
1500 1953 1562 2027 else
1580 1957 1707 2047 ligatas.
1762 1954 1872 2032 Assos

431 2077 545 2134 utem,
568 2076 638 2148 quo
662 2050 866 2122 Candidatus
885 2054 1005 2121 Preces
1024 2052 1203 2123 Primarias
1228 2052 1269 2122 ab
1287 2058 1496 2148 imperatore
1515 2052 1572 2124 fibi
1589 2052 1749 2124 concessas
1765 2055 1870 2127 Ordi-

430 2156 506 2224 tario
523 2150 686 2223 collatori
701 2148 842 2229 indicat,
867 2150 1027 2233 infinuario
1046 2151 1283 2243 primariorum
1301 2155 1441 2221 Precum
1465 2151 1597 2222 dicitur.
1612 2198 1634 2232 „
1687 2156 1764 2222 Nec
1782 2176 1868 2248 prae·

430 2244 840 2322 tmittendusrllClar.D.
859 2249 1163 2317 Serrua'rttars
1184 2245 1606 2339 mortuummare.
1632 2252 1866 2322 Serranam

430 2373 485 2458 pra
502 2368 708 2423 memorato,
736 2347 793 2438 qui
814 2343 939 2414 tamdiu
962 2342 1102 2425 liberas,
1126 2348 1227 2416 eriam
1251 2348 1337 2416 intra
1354 2344 1518 2426 mensem,
1548 2344 1721 2416 Ordinarii
1744 2371 1864 2419 manus

435 2443 641 2524 eerillrmat,
668 2441 827 2537 quamdiu
845 2440 985 2512 Precisla
1002 2437 1210 2536 Rescriptum
1230 2440 1415 2513 Caesareum
1434 2440 1598 2536 Episcopo
1613 2443 1661 2514 ucl
1678 2441 1866 2538 respeslive

430 2543 544 2640 tpitulo
565 2540 784 2632 collegialiter
810 2561 1013 2630 congregato
1044 2562 1110 2609 nort
1144 2539 1403 2634 prasentauctit.
1428 2538 1471 2629 s)
1513 2541 1700 2614 Maximum
1725 2541 1865 2616 demunt

430 2642 517 2713 radus
539 2639 593 2711 his
620 2636 773 2709 amnibus
796 2635 889 2706 addit
906 2638 1082 2708 Gaoaa.
1107 2639 1239 2709 Luoo
1255 2659 1292 2712 v.
1318 2642 1541 2709 Borrama
1556 2640 1600 2730 g)
1619 2634 1861 2714 iradilsereort

430 2744 495 2813 {um
516 2761 622 2833 porro
639 2738 756 2830 primae
771 2738 888 2806 Preces
910 2731 1006 2807 fimitl
1028 2738 1218 2809 contineant
1241 2734 1432 2808 mandatum
1450 2732 1493 2806 de
1511 2734 1721 2830 providendo
1738 2734 1778 2808 td
1796 2741 1867 2811 Ore

430 2840 575 2910 linarium
593 2835 797 2906 Collatorem
821 2829 1007 2915 direslum,
1032 2835 1100 2903 vim
1115 2837 1200 2923 prius
1220 2834 1423 2914 nurinberc,
1449 2855 1548 2924 quam
1568 2832 1646 2903 huic
1651 2835 1716 2922 fiat
1730 2835 1867 2921 instaur«.

430 2940 636 3016 r....i·'asla
653 2954 763 3006 autem
776 2932 868 3025 semel
892 2936 1018 3004 Puram
1041 2931 1264 3020 instauratione,
1291 2933 1376 3001 intra
1396 2924 1542 3001 mensem
1565 2952 1583 2999 a
1604 2927 1657 3002 die
1680 2932 1864 3004 uacationis

1736 3030 1866 3110 ”Bessffi

498 3200 689 3284 acceptanda.
729 3197 792 3271 Ubi
809 3198 904 3261 etiarn
920 3196 1027 3271 addit,
1048 3214 1114 3260 non
1132 3198 1292 3269 sufficere,
1316 3196 1339 3262 st
1364 3195 1532 3262 insinuatio
1554 3195 1611 3261 flat
1628 3212 1685 3280 per
1704 3194 1863 3280 aequipoh

498 3285 585 3356 lens,
606 3284 754 3364 adlegans
771 3280 937 3354 uranon,
949 3278 1055 3344 Tract.
1071 3281 1110 3343 de
1125 3282 1255 3345 indultis
1275 3278 1484 3344 cardinalium
1504 3296 1595 3362 n.37.

555 3402 645 3465 ldent
664 3418 791 3482 quoque
811 3399 918 3462 eadem
945 3396 1029 3463 Seu.
1051 3395 1109 3462 IV.
1125 3398 1165 3463 rd
1188 3415 1308 3478 argum.
1324 3417 1368 3469 ex
1394 3396 1604 3459 Concordatir
1632 3393 1792 3476 objectam
1809 3413 1860 3459 re·

497 3484 647 3567 spondet,
665 3482 770 3543 saltem
790 3479 977 3542 Potestatem
992 3480 1148 3547 Ordinatii
1162 3498 1226 3540 nott
1244 3476 1305 3541 esse
1324 3478 1470 3559 ligatam,
1483 3486 1658 3561 autequam
1680 3475 1788 3539 Preces
1803 3477 1860 3538 de-

495 3569 563 3629 bite
587 3564 748 3627 infinuatae
764 3562 897 3632 suerint,
915 3580 1010 3643 prout
1027 3565 1122 3625 etiam
1148 3561 1236 3623 valet
1256 3560 1397 3622 Collatio
1421 3557 1599 3632 Ordinarii,
1620 3567 1786 3640 antequam
1801 3556 1858 3641 ipst

496 3649 678 3711 mandatum
696 3647 741 3708 de·
754 3646 955 3726 providendo
970 3645 1096 3715 alicula
1119 3643 1252 3707 Summo
1268 3641 1422 3708 Pantilius
1440 3638 1620 3705 concesium
1633 3639 1815 3707 insinuetur.

431 3781 464 3861 i)
486 3782 610 3844 Arrunte
628 3779 810 3842 Commeat.
829 3777 868 3839 de
880 3775 953 3849 Jure
972 3775 1061 3840 Prim.
1080 3774 1220 3840 precum.

430 3901 456 3983 r)
472 3897 595 3966 Diisett.
611 3897 740 3962 Prasstde
754 3895 868 3957 eodem
885 3893 1032 3958 Arnaao
1051 3891 1228 3973 Goettingae
1241 3888 1423 3957 MDCCLII.
1442 3891 1527 3956 edita
1544 3893 1572 3966 §.
1589 3909 1641 3963 22.
1673 3954 1678 3963 ,
1751 3885 1753 3890 ’

430 4016 463 4101 d)
483 4012 608 4160 {iissem
627 4013 728 4096 eiusd.
749 4030 870 4094 argum.
896 4029 979 4074 anno
999 4009 1214 4077 lliDCCLXX.
1236 4009 1421 4093 lngolstadii
1435 4009 1499 4075 loci
1519 4010 1653 4092 publicae
1673 4007 1745 4069 data
1766 4005 1793 4079 ς.
1805 4022 1856 4087 73.

547 4116 601 4181 74·

430 4216 455 4300 r)
476 4213 553 4361 Dfiipsp
565 4213 675 4378 21:1de
679 4230 812 4366 ssgsnll
820 4231 841 4353 la
860 4210 899 4275 D.
920 4206 1055 4273 Waaaa
1073 4207 1252 4290 liognatiae
1265 4225 1351 4275 rona
1369 4164 1584 4279 Moccxbv.
1607 4205 1732 4291 publice
1750 4221 1860 4286 expos

430 4414 458 4496 s)
478 4414 614 4479 Institut.
628 4413 691 4486 Jur.
708 4412 783 4475 Can.
806 4412 892 4489 lttpta
907 4409 988 4471 land.
1012 4409 1039 4481 §.
1054 4428 1126 4487 501.

430 4539 461 4614 ζ)
485 4530 618 4612 Priarip.
637 4528 702 4604 Jur.
720 4528 794 4593 Can.
816 4528 882 4594 Lib.
901 4527 957 4593 111.
978 4526 1061 4591 Seri.
1076 4527 1132 4596 lv.
1148 4523 1214 4590 Tit.
1232 4522 1322 4627 iilis.
1344 4526 1372 4606 ς.
1392 4542 1462 4607 547.
1585 4596 1588 4601 ,

435 4683 533 4767 Tatta.
561 4682 649 4762 VII.
1212 4682 1241 4751 R
1259 4705 1278 4751 r
