4784 5550
448 620 524 715 ,aa
905 605 1483 690 otssatrxtto

482 788 666 868 revidendo
681 784 723 865 de
740 786 908 865 Beneficio
921 791 972 863 vel
987 813 1080 864 cerro
1096 790 1148 864 rel
1167 793 1319 877 incert03
1340 791 1434 887 quod
1449 815 1527 866 crite
1542 786 1819 879 insinuationem,
1842 807 1917 892 prat

453 819 679 973 iibitiouem,
713 890 765 961 rel
788 887 1027 972 interdiflum,
1059 914 1116 961 auc
1135 890 1308 963 decretum
1330 893 1466 962 irritant
1487 892 1529 963 ab
1553 896 1739 966 Executore
1763 891 1920 988 speciatim

455 987 687 1087 interpofitutn
710 988 850 1061 necdum
870 988 1064 1085 potestatem
1085 986 1175 1060 suam
1192 988 1376 1062 Ordinatio
1397 984 1538 1063 auferat.
1588 993 1674 1062 Hec
1700 992 1792 1062 euim
1807 990 1924 1064 duos·

455 1088 528 1160 mul
543 1083 714 1158 confislere
732 1083 842 1182 posse,
876 1110 913 1158 ut
930 1087 1132 1161 Ordinnriur
1154 1084 1245 1159 suam
1287 1084 1460 1160 orellatcm
1477 1089 1586 1161 adhuc
1608 1089 1775 1172 retinent,
1799 1083 1926 1165 &alter

455 1186 688 1261 Mandatariua
703 1183 769 1256 siue
784 1188 949 1296 Execuror
969 1186 1108 1258 eandem
1128 1111 1322 1298 aronriice
1336 1183 1430 1257 finnt
1445 1184 1629 1258 obtinuerit
1642 1208 1652 1270 ;
1683 1209 1763 1257 cum
1783 1182 1926 1262 Pontifex

454 1284 615 1455 'illidi
629 1277 1815 1478 {lltfflil‘tl'lllllllflfiililxs‘filiiflii:
1828 1309 1929 1458 lli

456 1482 571 1551 tendis
588 1476 756 1550 beneficiis
773 1477 890 1559 habet,
916 1473 1073 1548 inteflam
1087 1476 1121 1548 dt
1137 1474 1257 1549 salvam
1271 1479 1431 1574 relinquit
1444 1479 1639 1574 potestatem
1651 1478 1928 1595 ordinationum,

456 1574 1349 1768 iiiiii,iizimpiillzizllltlifssssilll
1362 1569 1929 1770 li,lillp‘a‘ldlsi'ssssiilt

456 1771 492 1843 dt
516 1775 556 1841 iis
578 1776 793 1851 intimatum,
825 1772 962 1842 eandem
980 1795 1049 1843 non
1071 1772 1255 1858 ademerit,
1288 1774 1338 1843 vel
1364 1771 1459 1843 adse
1483 1775 1687 1852 avocaverit,
1719 1771 1771 1843 vel
1799 1770 1929 1868 ipsemet

455 1863 610 1944 Pontifex
627 1867 801 1964 specialem
821 1865 912 1942 fuam
930 1863 1103 1939 auferendi
1125 1868 1327 1940 &irritandi
1351 1872 1555 1941 uoluntatem
1574 1868 1762 1940 luculenter
1779 1866 1928 1965 expresse·

455 1969 522 2049 tit,
542 1990 618 2040 cum
630 1990 708 2042 cunc
721 1968 858 2042 demum
873 1963 949 2038 sacia
963 1964 1061 2062 super
1078 1967 1141 2038 hoc
1155 1968 1367 2039 concedentis
1384 1971 1527 2040 intentio
1538 1964 1747 2060 agnoscatur,
1789 1969 1889 2041 Unde

459 2093 464 2104 ’
574 2098 627 2172 Ad
650 2101 694 2173 ll.
720 2098 889 2182 Generale
907 2101 1037 2171 axioma
1053 2098 1095 2172 de
1114 2098 1229 2171 valore
1244 2096 1502 2198 privilegiorum
1524 2101 1626 2172 etiam
1643 2122 1762 2172 contra
1780 2101 1926 2196 ignorari

457 2213 507 2267 tet
522 2193 689 2289 reslringit
705 2197 744 2266 ad
762 2221 822 2280 ea,
847 2219 886 2268 ex
904 2220 1049 2293 quorum
1066 2197 1118 2270 vel
1134 2220 1251 2270 tenore
1269 2198 1320 2271 vel
1335 2220 1453 2267 natura
1473 2197 1505 2269 dt
1528 2197 1640 2270 indole
1659 2198 1735 2268 talia
1755 2202 1926 2272 concedet·

455 2295 500 2408 tir
516 2295 656 2462 inqpnrio
673 2291 873 2370 sufficienter
890 2296 1068 2394 colligatur
1078 2344 1089 2380 ,
1122 2295 1185 2370 sive
1203 2320 1278 2398 que
1298 2321 1363 2369 non
1380 2293 1478 2370 aliter
1498 2292 1659 2371 clfefium
1676 2295 1828 2396 aliquem
1846 2295 1926 2374 sutri·

455 2415 488 2467 tt
503 2413 548 2485 po
575 2415 641 2466 ent.

575 2524 627 2595 Ad
643 2527 705 2596 lll.
723 2527 860 2597 Decreti
876 2527 1056 2607 irritantis,
1076 2523 1168 2621 quod
1187 2523 1339 2600 Pontifex
1355 2529 1390 2599 in
1407 2527 1571 2602 Mandata
1586 2526 1645 2598 illo
1657 2523 1829 2624 adjefium
1842 2521 1922 2602 suist

456 2643 524 2696 non
540 2617 676 2696 diffiteri
697 2623 849 2704 uidetur,
874 2626 941 2693 vim
959 2623 991 2695 dt
1011 2619 1189 2699 efficaciam
1207 2648 1246 2696 ex
1263 2649 1305 2696 eo
1325 2651 1495 2708 removet,
1518 2627 1609 2724 quod
1625 2627 1689 2700 hoc
1710 2649 1842 2700 tautum
1856 2649 1923 2700 cuu-

419 2774 422 2780 ·
455 2715 659 2794 ditionttum
675 2715 797 2804 fuerit,
823 2718 887 2797 lire
906 2719 1082 2821 poliquun
1101 2725 1289 2816 impetrans
1307 2728 1406 2799 eriam
1419 2724 1634 2799 Prcbendam
1652 2726 1748 2796 illam
1767 2744 1923 2799 meanteu

456 2813 662 2914 acceptasset.
716 2823 791 2891 Hac
805 2822 1031 2916 acceptatione
1046 2819 1188 2892 necdum
1210 2815 1315 2903 sosia,
1340 2844 1497 2920 tanquam
1514 2823 1706 2895 conditione
1719 2848 1791 2896 non
1804 2820 1926 2898 trillen-

457 2937 511 2998 te,
538 2918 779 2988 mandatarium
800 2922 1019 2992 Executorcm
1042 2920 1185 2992 necdum
1201 2917 1347 2992 habuisse
1365 2923 1550 3012 delegatam
1571 2920 1630 2993 fibi
1645 2946 1663 2992 a
1680 2918 1844 2995 Pontifice
1864 2943 1927 2993 eun·

456 3008 588 3088 ferendi
606 3012 818 3110 poteslatem,
841 3018 950 3088 multo
965 3021 1074 3087 minua
1092 3018 1275 3090 Ordinatio
1293 3017 1383 3089 suam
1399 3022 1589 3115 ademptam
1605 3025 1655 3092 vel
1673 3022 1841 3094 irritatam
1858 3013 1927 3090 fuis'

456 3108 511 3193 se;
539 3115 689 3207 adeoque
707 3114 894 3185 concludit:
921 3114 1051 3196 „Unde
1067 3139 1142 3185 cum
1160 3113 1244 3211 frrpe
1264 3118 1353 3187 difia
1373 3116 1592 3212 Praepositura
1613 3113 1716 3189 fuerit
1737 3117 1798 3188 tibi
1825 3119 1927 3207 (ante-

341 3244 343 3248 ·
447 3234 580 3304 ,quam
598 3212 691 3280 illam
708 3212 796 3281 idem
812 3215 856 3288 D.
872 3212 1082 3306 acceptaret)
1103 3211 1259 3308 Episcopi
1276 3211 1472 3287 auciorirne
1490 3216 1631 3299 collata,
1658 3215 1854 3310 hujusmodi
1870 3212 1927 3286 tul·

458 3308 564 3388 „latio
578 3307 652 3377 talis
668 3307 820 3381 Mandati
839 3307 940 3379 nostri
956 3310 1179 3398 (conditionate
1200 3317 1374 3407 irritantis)
1392 3336 1573 3407 pretextu,
1600 3312 1726 3383 etiamst
1744 3316 1843 3411 priua
1855 3305 1927 3384 illud

455 3404 668 3500 „Episcopus
687 3402 758 3502 ipse
771 3402 910 3481 scivisset
921 3452 934 3493 ,
960 3432 1028 3478 non
1052 3432 1183 3504 poterat
1196 3412 1340 3482 vacuari.
1393 3409 1559 3481 Nollrum
1577 3434 1688 3481 autem
1710 3415 1745 3483 in
1766 3412 1831 3483 hac
1844 3427 1927 3508 parte

454 3511 664 3589 „Decretum
690 3503 730 3575 ad
754 3504 967 3577 Prcbcudam
995 3502 1049 3577 seu
1073 3507 1299 3598 Dignitatem,
1332 3532 1432 3602 quam
1457 3505 1636 3601 praediflus
1662 3511 1706 3579 D.
1733 3526 1927 3601 acceptaret·

457 3601 802 3775 „pleserriffdebebau
850 3603 999 3703 alioquin
1022 3599 1123 3707 supet
1146 3610 1274 3677 incerto
1295 3600 1406 3681 fuisset
1428 3608 1585 3692 editum,
1622 3630 1683 3682 nec
1710 3606 1861 3705 aliquem
1882 3600 1928 3677 aa

452 3747 477 3789 „
507 3727 590 3772 rtnxt
619 3723 662 3779 et.

1092 3856 1128 3951 §-
1177 3850 1299 3928 xit.

572 4017 700 4090 Exinde
718 4018 821 4092 ritcra'
839 4018 1016 4093 decidendi
1039 4024 1147 4105 ratio,
1182 4046 1249 4121 qua
1272 4016 1424 4094 Pontifex
1449 4019 1490 4094 ad
1511 4017 1787 4095 sustinendam&
1816 4012 1930 4119 prese-¹

454 4116 594 4193 rendam
619 4115 792 4190 Ordinarii
814 4118 1026 4191 collationem
1044 4143 1237 4217 permotum
1258 4118 1291 4192 se
1313 4120 1454 4203 adserit,
1478 4122 1671 4213 colligitur,
1697 4121 1836 4208 alefridus
1851 4118 1932 4191 vide·

454 4214 533 4288 licet
547 4222 777 4307 acceptationis,
803 4241 876 4313 qua
893 4219 926 4287 in
950 4219 1113 4290 Mandata
1130 4216 1213 4312 (per
1231 4219 1369 4290 modum
1390 4224 1513 4315 praeuie
1533 4216 1696 4314 requifitae
1715 4212 1932 4312 conditionia)

454 4314 603 4409 injunfia
627 4316 736 4388 eidem
758 4314 942 4387 videbatur.
994 4318 1087 4387 Huic
1114 4317 1232 4387 itidem
1253 4319 1374 4387 rationi
1394 4315 1599 4412 objeiliones
1624 4318 1785 4410 quasdam
1804 4341 1822 4387 a
1842 4334 1933 4412 parte

454 4411 590 4482 adversa
616 4412 785 4506 oppostaa
811 4437 972 4495 removet,
1023 4416 1172 4484 Primum
1197 4416 1287 4484 enim
1309 4413 1512 4485 obmotum:
1538 4415 1646 4506 quod,
1673 4419 1828 4508 quamvis
1854 4419 1935 4484 Pre-

453 4506 562 4581 benda
577 4511 628 4580 vel
648 4510 864 4608 Praepofttura
882 4535 941 4581 nec
961 4512 1041 4582 dum
1059 4536 1076 4580 a
1093 4515 1137 4588 D.
1155 4536 1322 4607 acceptata
1345 4508 1470 4593 fuisset,
1498 4508 1644 4582 conferri
1661 4536 1772 4584 tamen
1790 4513 1842 4586 uel
1862 4512 1934 4585 ideo

452 4606 496 4682 ab
518 4608 703 4683 Ordinatio
721 4636 788 4685 non
809 4611 981 4708 potuerit,
1015 4612 1093 4707 quia
1113 4608 1228 4684 saltem
1251 4614 1295 4686 D.
1315 4609 1471 4688 habuerit
1487 4610 1540 4706 ius
1559 4610 1774 4707 acceptandi,
1798 4614 1853 4685 cui
1872 4607 1937 4706 juri

1871 4728 1936 4782 ΒΜ
