4784 5550
453 599 525 686 ,ἢ
897 577 1476 661 nmsunuatto

451 778 535 874 Jure
556 765 722 844 dellinttae
745 766 777 842 dr
799 761 953 840 instituta
974 761 1058 843 lunt.
1106 769 1220 838 Onera
1237 765 1328 838 euim
1344 764 1399 836 illa
1419 786 1578 862 tanquam
1600 761 1705 838 realia
1720 769 1878 846 Decimio
1892 794 1918 845 ιι

399 891 405 903 ·
451 894 533 942 nera
555 867 586 940 dr
611 865 707 939 infixa
730 891 806 939 eum
826 890 864 939 te
890 861 1008 962 ipsein
1036 887 1270 960 quemcunque
1297 861 1507 963 pollellorem
1534 864 1740 955 regulariter
1760 867 1918 944 transeunt

328 997 335 1024 t
452 969 555 1041 Nihil
571 967 631 1042 hae
645 969 679 1038 in
696 964 775 1038 theli
792 967 975 1060 iniquitatis
986 960 1105 1036 subest.
1155 959 1305 1035 Ecclesiae
1322 963 1430 1035 leudis
1449 957 1660 1040 loeculatibut
1674 987 1713 1035 er
1728 972 1786 1064 p'a
1800 965 1918 1042 summu

450 1091 528 1140 rum
547 1068 738 1160 Principum
757 1061 984 1136 munificentia
1002 1063 1130 1133 donate
1154 1063 1266 1132 omnia
1282 1060 1338 1132 illa
1361 1083 1465 1156 onera
1486 1059 1519 1132 dc
1542 1059 1676 1134 seruitia
1702 1059 1872 1140 saecularia
1889 1089 1918 1140 ιι

452 1162 680 1258 cognoscunt,
707 1187 781 1259 quae
809 1162 888 1232 alias
911 1163 951 1231 iia
979 1183 1101 1232 annexa
1129 1155 1283 1243 fuerant,
1311 1161 1345 1229 in
1373 1156 1541 1254 publicam
1572 1163 1716 1256 imperii
1744 1163 1918 1240 lalutemd

452 1267 681 1335 Dominorum
711 1257 963 1342 defenlionem;
1007 1259 1083 1330 licet
1113 1261 1169 1352 pio
1198 1255 1334 1426 insuper
1365 1257 1620 1330 concedentium
1645 1261 1787 1334 intentio
1821 1257 1918 1348 fuerit,

456 1362 584 1435 cultum
605 1362 776 1445 diuinum,
801 1360 943 1454 ejusque
965 1353 1141 1428 Minillros
1167 1355 1245 1428 inde
1279 1355 1360 1428 tmul
1379 1353 1588 1434 sustentandi.
1636 1360 1701 1429 l'ar
1717 1361 1918 1440 omninollt·

452 1463 636 1543 simarum,
662 1483 736 1556 que
754 1455 794 1528 als
812 1454 959 1530 Eccleltis
977 1461 1009 1525 in
1031 1457 1147 1527 Laicos
1164 1477 1408 1552 pervenerunt,
1433 1451 1584 1526 conditio
1603 1451 1668 1527 elle
1682 1455 1810 1554 potell,
1836 1459 1918 1534 ult·

454 1557 529 1640 bet,
555 1579 592 1630 ut
606 1581 721 1630 earum
738 1551 928 1649 pollellores
947 1553 988 1625 ad
1002 1555 1137 1637 eadem,
1164 1551 1285 1648 quibus
1300 1575 1395 1626 antea
1410 1550 1561 1624 obnoxie
1572 1547 1725 1638 luerunt,
1742 1581 1845 1630 onera
1859 1581 1918 1632 eoo·

453 1653 668 1750 llringantur.
721 1659 842 1726 Parum
858 1651 982 1726 relevat
999 1655 1115 1724 lnieos
1131 1654 1363 1724 Decimatotea
1387 1653 1636 1724 uocantur
1661 1657 1846 1729 eorundem
1865 1655 1914 1730 ltte

454 1757 488 1826 in
509 1778 547 1827 re
570 1747 753 1826 defensoris
772 1749 928 1824 condulli
950 1755 990 1846 a)
1015 1747 1138 1822 finillra
1157 1750 1191 1824 in
1212 1750 1349 1823 Clerum
1371 1748 1404 1821 dt
1423 1747 1578 1820 Prelatot
1595 1747 1760 1824 Rellorea
1781 1751 1917 1832 Ecclelia·

457 1877 535 1924 rum
553 1848 712 1936 retorfio,
745 1850 835 1944 quod
853 1849 1008 1922 videlicet
1030 1851 1064 1920 in
1088 1873 1147 1923 eoa
1167 1872 1303 2016 quoque
1326 1871 1389 1945 per
1410 1843 1614 1958 etelliooem
1633 1845 1875 1926 Beneficiorum
1895 1853 1918 1924 ἰι

453 1951 654 2023 lrodietnam
671 1945 816 2023 formam
831 1947 863 2020 dt
880 1947 919 2020 ad
939 1971 1091 2020 normam
1111 1943 1167 2020 feu
1193 1971 1291 2018 orum
1307 1947 1393 2018 bona
1411 1941 1630 2018 Ecclellallrea
1646 1950 1818 2043 quondam
1835 1955 1867 2024 ia
1878 1942 1918 2024 l't·

454 2045 685 2121 ssentationem
700 2045 918 2121 Eccleltarum
937 2045 969 2118 dr
988 2069 1176 2145 pauperum
1201 2042 1296 2117 fimul
1315 2041 1473 2117 dellinata
1490 2040 1701 2130 transierint,
1724 2051 1809 2146 quin
1830 2069 1918 2124 tatnet

454 2170 608 2244 quartam
632 2147 722 2219 illam
744 2169 931 2243 pauperum
956 2169 1012 2218 aut
1036 2141 1168 2216 fabrica
1190 2167 1209 2216 ι
1230 2139 1263 2216 l'e
1284 2139 1503 2239 supplendam
1525 2138 1704 2235 agnoscere
1723 2145 1865 2246 amplius
1881 2167 1918 2222 tt·

455 2243 529 2326 lint.
580 2250 674 2316 Nam
689 2244 779 2341 quod
796 2269 921 2340 quarte
940 2248 1116 2342 utriusque
1136 2242 1454 2315 determinationem
1473 2241 1609 2326 attinet,
1640 2236 1742 2316 facile
1757 2244 1918 2340 largimur,

455 2365 529 2416 eam
548 2341 619 2440 poll
638 2340 830 2414 divifionem
850 2343 939 2412 illam
955 2342 1120 2414 bonorum
1135 2337 1434 2412 Eccleliallicorum
1450 2362 1546 2434 eque
1563 2342 1674 2451 quoad
1690 2341 1918 2424 Ecclestallitot,

372 2593 374 2598 ,
457 2435 1125 2624 t:,t:stitttzltltutllt
1143 2435 1918 2633 nituerunt?ttlttlttnl

457 2634 611 2728 gentibus
636 2631 786 2706 sufficere
805 2656 975 2730 poterant,
1001 2632 1148 2730 suppleti
1176 2660 1241 2705 non
1263 2629 1420 2729 potuille,
1447 2633 1479 2705 dc
1503 2631 1661 2705 bontilla
1678 2637 1713 2708 in
1736 2635 1918 2716 lullentatit·

458 2755 536 2805 nem
557 2731 790 2805 Minillrorum
807 2727 984 2805 necellaria
997 2733 1065 2829 jam
1081 2733 1272 2805 ultimarum
1288 2729 1389 2804 finem
1404 2729 1498 2805 suum
1513 2731 1673 2825 attigille,
1699 2739 1782 2833 quin
1800 2737 1918 2812 ulteritt

458 2832 644 2905 eorundem
663 2832 703 2904 ad
723 2833 808 2905 alios
825 2828 907 2904 fines
922 2834 956 2903 in
973 2836 1082 2929 prima
1100 2829 1261 2903 dicifione
1275 2829 1457 2925 defignatos
1476 2830 1657 2927 applicatio
1670 2832 1851 2934 exspelleri
1866 2828 1918 2935 pol

392 2942 398 2947 '
457 2928 515 3025 stt,
539 2953 595 3002 aut
617 2933 803 3029 imperari3
837 2928 1075 3003 multominus
1097 2927 1309 3002 fundationes
1326 2931 1530 3001 recentiores
1555 2926 1619 3001 five
1636 2931 1801 3008 hodierne
1816 2927 1918 3012 Benel

457 3032 589 3101 ciorum
605 3027 716 3101 forma
729 3026 930 3124 posteriores
949 3026 1082 3123 precisa
1098 3029 1168 3099 hac
1184 3052 1311 3122 quarta
1328 3028 1564 3099 determinatio
1579 3024 1713 3104 afficere
1731 3038 1848 3129 potuit.
1886 3030 1918 3105 Si

459 3128 542 3222 quid
561 3153 641 3199 vero
668 3128 755 3197 ultra
773 3128 857 3198 hane
876 3124 1143 3198 sustentationem
1169 3123 1324 3219 supersit,
1350 3150 1490 3197 concors
1513 3124 1558 3196 ell
1580 3130 1756 3203 Canonum
1776 3132 1808 3205 dr
1825 3130 1918 3207 Conci

459 3224 583 3296 liorum
601 3228 788 3305 Sententia,
813 3228 913 3294 etiam
938 3223 1026 3317 ipsos
1042 3226 1147 3295 teneri
1166 3223 1206 3294 ad
1225 3249 1325 3295 onera
1346 3222 1404 3293 illa
1424 3222 1641 3296 Ecclefiurum
1658 3224 1793 3303 fabrice
1810 3231 1841 3305 dt
1861 3249 1918 3330 pau

459 3346 581 3416 perum
612 3320 836 3393 subventionis
858 3321 1053 3416 praellanda.
1100 3326 1245 3393 Eatenus
1268 3326 1359 3394 enim
1385 3322 1417 3393 di
1442 3324 1550 3416 quoad
1577 3325 1661 3398 hane
1681 3326 1918 3421 obligationem

458 3420 537 3492 licet
554 3416 619 3491 line
638 3422 917 3491 determinatione
936 3442 1033 3490 cettae
1055 3425 1269 3516 quantitatis,
1303 3445 1420 3491 eorum
1442 3420 1609 3517 l'upetllua
1626 3428 1659 3493 in
1680 3423 1757 3497 ulus
1776 3422 1918 3523 ejusmodi

459 3525 535 3615 pios
551 3518 786 3616 impendendi,
824 3517 1006 3590 hodiedum
1029 3519 1156 3591 reditus
1176 3520 1311 3589 illorum
1332 3543 1488 3612 tanquam
1507 3524 1747 3611 patrimonium
1771 3520 1918 3599 Chtillid

459 3641 649 3712 pauperum
668 3616 933 3699 confideruntut,
960 3616 992 3687 dt
1012 3620 1044 3687 in
1063 3615 1136 3688 calu
1156 3619 1375 3709 reparationis
1392 3620 1478 3687 inter
1501 3642 1578 3699 eos,
1613 3626 1670 3715 qui
1687 3646 1869 3717 proventus
1882 3622 1918 3694 all

460 3738 546 3809 quos
562 3740 600 3785 ex
621 3713 770 3785 Ecclefiis
787 3718 998 3809 reparatione
1023 3716 1247 3807 indigentibus
1270 3719 1478 3808 percipiunt,
1510 3723 1678 3811 precipue
1697 3726 1798 3793 eriam
1820 3722 1918 3796 Cletit'

461 3834 701 3891 numerantur,
736 3816 769 3881 in
793 3836 954 3904 quantum
974 3810 1087 3885 saltem
1107 3812 1193 3885 ultra
1213 3838 1393 3905 congruam
1411 3810 1487 3907 iplts
1511 3816 1608 3885 titulo
1631 3819 1774 3891 oneroso
1796 3821 1918 3893 debiat

462 3909 592 3980 reditus
609 3911 649 3977 iis
667 3906 952 4003 superabundant.
1001 3912 1054 3985 Ad
1068 3913 1209 4009 imparia
1227 3910 1369 4007 proinde
1384 3934 1520 3982 neutros
1545 3914 1687 4008 obligari
1705 3918 1825 3993 exinde
1841 3920 1918 3993 maol

461 4003 583 4082 festum
608 4006 772 4085 redditur.

1085 4182 1115 4271 l·
1164 4178 1296 4253 xxu.

579 4317 890 4441 tegibus‘antiqnis
913 4348 1030 4420 nollrae
1053 4354 1245 4423 Germanic
1272 4352 1355 4422 hanc
1378 4376 1528 4425 naturam
1552 4353 1770 4425 Decimarum
1794 4378 1812 4425 a
1838 4358 1917 4431 Laic

461 4439 674 4543 pollellarum
696 4449 840 4539 agnitam
853 4440 948 4519 fuille
967 4450 1001 4519 in
1017 4444 1163 4521 confello
1182 4450 1240 4529 ell,
1291 4452 1470 4545 Colligitur
1485 4452 1593 4536 illud,
1618 4475 1781 4551 quantum
1804 4456 1847 4527 ad
1865 4482 1918 4530 ont

1811 4549 1918 4631 febrit

460 4745 463 4753 .
508 4690 545 4771 a)
567 4687 709 4759 Consult.
730 4691 764 4757 dc
783 4688 1312 4777 nectt'rom.1.argum.lv.a.
1331 4710 1400 4777 ¹3²·
