4784 5550
549 623 619 717 196
796 599 800 606 “
912 559 1626 690 -otssnnrnrto
1746 609 1761 666 -·

547 799 660 871 nerrlis
676 789 708 864 dr
726 799 830 866 totalis
846 789 908 866 esse
923 790 1048 887 potell,
1075 794 1177 867 modo'
1191 798 1332 888 partialis
1350 793 1384 866 dt
1404 793 1446 865 ad
1464 816 1574 868 certos
1598 789 1689 864 aaut
1712 789 1872 866 rellrislr.
1935 794 2058 886 Gliff:

547 901 588 968 ad
605 917 668 989 cap.
680 917 712 980 3.
728 897 765 963 de
778 918 852 988 poen.
868 897 899 962 in
916 896 1002 965 clem.
1051 896 1206 987 Cumque
1221 892 1373 965 dubitare
1388 891 1532 974 soleant,
1557 916 1637 962 num
1658 891 1698 962 ab
1712 888 1825 962 officio
1839 889 2048 986 hmplicit'cr

550 989 723 1088 suspensus
737 991 826 1060 idem
851 1013 987 1086 quoque
1003 986 1109 1063 fatum
1125 991 1243 1063 debeat
1265 993 1393 1062 rntione
1412 987 1564 1062 beneficii
1580 993 1743 1086 experiri,
1774 992 1852 1062 ideo
1875 1015 2041 1086 receptus

410 1185 421 1196 α
550 1087 598 1164 est
618 1086 726 1203 sltlust
753 1091 897 1174 as'offitio
921 1092 956 1163 ld
975 1091 1112 1200 lenfficio
1133 1088 1295 1205 [respersus.
1338 1088 1781 1170 Caeterumadeatontum,
1809 1113 1884 1178 quse
1904 1090 2028 1201 clericis

472 1315 475 1322 ,
550 1182 1578 1380 ttsslltsl‘tlttl¹lsst¹llltssttstlte,littttl‘j
1588 1183 2024 1380 ’rilliasalllistiis‘¹⁹

598 1488 1054 1659 ''Afflffffilv37ffi0‘s‘
1067 1510 1134 1578 cap.
1150 1491 1192 1560 rc
1216 1487 2015 1574 BINGHAMloc.rit.ttb.XV11.mp.l.s.45
2059 1493 2079 1550 t

1134 1796 1165 1886 t.
1216 1793 1453 1894 cxxxi-v,

382 1981 538 2054 com.
675 1961 885 2061 suspensioni
904 1990 969 2038 non
987 1961 1141 2036 absimilis
1157 1961 1203 2034 cli
1221 1964 1276 2036 illa
1293 1966 1492 2036 clericorum
1509 1990 1621 2060 prena,
1647 1987 1719 2061 qnae
1734 1959 1792 2035 sub
1805 1963 2017 2034 nominecm·
2051 1971 2079 2050 4

361 2073 517 2152 niopete·
553 2063 701 2132 munionis
715 2073 874 2159 peregrina
890 2070 921 2136 in
944 2066 1088 2157 antiquis
1104 2062 1285 2134 canonibus
1301 2067 1459 2138 occurrit.
1501 2069 1693 2136 Concu..
1720 2067 2016 2134 Ructmufflm.

387 2156 453 2217 ‘1⁰¹
466 2152 542 2236 quid
556 2186 588 2248 3.
614 2165 877 2238 AGATHnns.
905 2190 971 2236 tan.
990 2190 1022 2235 ι.
1042 2188 1075 2242 5.
1104 2166 1352 2234 strennuus.
1377 2189 1442 2235 can.
1467 2189 1522 2242 15.
1543 2163 1696 2258 adquam
1713 2157 2017 2252 intelligeodsmob·
2076 2189 2079 2236 3

326 2253 335 2266 '
386 2249 411 2303 t·
551 2257 748 2330 serrandum
765 2260 830 2344 cll,
856 2265 1025 2355 antiquam
1042 2255 1248 2352 disciplinam
1268 2263 1300 2330 in
1317 2260 1530 2330 admittendis
1546 2262 1731 2357 peregrinis
1749 2262 1919 2353 praecipue
1936 2257 2018 2328 cleri·

550 2361 615 2438 cir,
643 2361 701 2450 qui
725 2359 764 2427 ad
789 2383 976 2430 extraneam
1001 2358 1179 2450 quamdam
1202 2355 1369 2428 ecclesiam
1397 2361 1566 2438 venirent,
1590 2361 1727 2428 omnino
1753 2354 1899 2426 severam
1918 2349 2016 2436 fuisse,

549 2479 593 2525 ne
613 2449 703 2525 sorte
727 2456 760 2524 in
775 2460 1045 2527 communionem
1067 2459 1296 2548 reciperentur
1323 2458 1489 2532 haeretici,
1518 2453 1712 2527 schismatici
1737 2454 1789 2524 vel
1815 2455 1964 2524 homines
1977 2476 2019 2524 ex·

550 2554 785 2624 communicati
806 2549 988 2626 &scelesti
1031 2557 1196 2648 Qtocirca
1216 2554 1320 2624 literis
1338 2555 1637 2635 commendatitiis,
1664 2577 1746 2648 quas
1764 2553 1866 2622 modo
1882 2553 2019 2638 {ormrmt

412 2649 422 2664 '
550 2649 774 2744 adpellamus,
797 2650 958 2726 dellicutis
974 2647 1141 2721 sacrorum
1156 2654 1349 2722 communio
1366 2656 1497 2746 penitus
1514 2650 1738 2743 denegabatur
1750 2671 1909 2743 tanquam
1923 2646 2020 2746 sulpe·
2073 2723 2077 2730 ,

551 2745 614 2818 slis
630 2747 775 2842 quodam
793 2752 911 2823 modos
940 2774 999 2821 nec
1014 2771 1123 2820 tomen
1141 2751 1274 2845 penitus
1295 2749 1546 2845 rejiciebantur,
1573 2752 1680 2846 excipi
1695 2749 1783 2819 enim
1799 2747 1941 2840 benigne
1955 2769 2020 2819 coo·

550 2841 741 2928 sueverant,
769 2848 978 2921 &sumtibus
995 2846 1134 2919 eccleslae
1162 2848 1204 2918 ali
1236 2848 1328 2918 nullo
1353 2846 1570 2944 praetermisso
1586 2849 1801 2918 humanitatis
1822 2841 1951 2927 officio,
1974 2844 2020 2917 dn·

549 2943 800 3039 nec=ejusmodi
825 2948 930 3018 litctae
958 2947 997 3016 ob
1023 2944 1173 3028 ecclesio,
1218 2948 1306 3015 unde
1332 2971 1505 3026 venerant,
1542 2944 1874 3040 pnlsentprocurari.
1924 2948 2021 3015 ΒΑΝ.

549 3052 580 3113 Α
591 3064 610 3113 1²
622 3063 646 3113 ο
657 3065 715 3115 ST.
744 3073 799 3137 32.
841 3050 924 3116 Haec
942 3068 1013 3115 erut
1030 3049 1202 3115 Contmtmia
1217 3050 1390 3137 peregrina,
1417 3070 1491 3139 quae
1507 3044 1547 3115 ab
1562 3043 1700 3114 initio&
1717 3042 1918 3112 adventrum
1935 3043 2023 3113 inrui·

551 3163 587 3210 tu
601 3166 667 3211 non
684 3166 755 3212 erat
770 3168 873 3233 genus
891 3168 1006 3237 prenae.
1056 3144 1089 3211 Si
1106 3167 1185 3211 vero
1204 3168 1279 3211 cum
1295 3143 1423 3214 clericis
1447 3146 1480 3211 in
1503 3142 1559 3213 lita
1582 3139 1730 3237 ipsorum
1756 3138 1888 3210 ecclesio
1910 3140 2022 3213 eodem

551 3240 655 3309 modo
677 3240 853 3328 agebatur,
893 3266 929 3310 ac
951 3237 972 3309 st
996 3241 1165 3333 peregrini
1187 3234 1317 3321 forent,
1356 3238 1377 3309 fi
1402 3240 1449 3310 lui
1473 3241 1600 3311 ordinis
1622 3240 1778 3310 exercitio
1799 3263 1915 3311 carere
1935 3237 2023 3310 debc-

551 3334 631 3405 btnt
646 3337 790 3421 tamdiu,
814 3339 920 3409 donec
938 3335 1210 3431 percondignam
1227 3340 1455 3435 penitentiam
1477 3336 1624 3410 officiunt
1651 3337 1683 3409 dt
1707 3335 1880 3407 stationem
1905 3332 2025 3432 pollent

411 3466 419 3481 =
551 3456 771 3527 recuperare,
797 3436 830 3507 id
851 3433 924 3506 sane
942 3459 1037 3530 prena
1052 3458 1123 3506 crat
1140 3434 1237 3507 titulo
1254 3441 1434 3507 redultimis
1449 3445 1623 3511 clericorum
1637 3441 1677 3508 ad
1700 3439 1933 3510 commuttionem
1952 3458 2026 3531 petr·

546 3555 669 3626 gtmam
694 3534 775 3605 olim
806 3534 1034 3607 celeberrima.
1468 3552 1473 3563 ’

2070 1923 2079 1968 ⁴]

592 3736 844 3803 BINGHAlll:
866 3743 916 3803 lor.
931 3741 980 3801 rit.
999 3738 1049 3801 lib.
1064 3736 1179 3801 XVII.
1198 3756 1262 3819 cap.
1280 3736 1345 3802 Ill.
1379 3735 1549 3800 Prohibent
1564 3755 1704 3799 canones
1722 3737 1857 3818 eliquetur
1874 3736 2026 3813 ordinari,

666 3824 720 3902 qui
738 3824 811 3884 dum
831 3824 928 3882 laicus
946 3818 1041 3898 esset,
1064 3824 1283 3899 poenitentlam
1303 3819 1457 3901 publicam
1472 3833 1595 3899 egerat,
1619 3820 1651 3881 dc
1668 3823 1819 3891 clericos,
1841 3824 1896 3901 qui
1909 3823 1947 3884 nd
1960 3838 2034 3889 erm,

665 3903 787 3967 reducli
816 3904 959 3971 fuerunt,
990 3904 1020 3963 in
1048 3903 1208 3979 antiquam
1233 3905 1420 3983 dignitatem
1442 3902 1561 3965 restitui
1586 3904 1695 3965 itidem
1720 3903 1907 3982 prohibent,
1930 3912 1941 3965 l
1955 3900 2028 3968 inst.

668 3982 702 4057 S.
717 3994 792 4068 87.)
815 3985 980 4063 quomodo
996 3985 1093 4063 igitur
1109 3987 1170 4049 dici
1192 3986 1313 4067 potest,
1335 3985 1420 4065 quod
1436 3987 1621 4046 communio
1642 3988 1805 4065 peregrios
1825 3986 1951 4048 clericis
1964 4002 2032 4064 pet·

663 4071 771 4131 mittat
789 4067 930 4131 officium
953 4064 986 4129 dc
1006 4068 1192 4147 dignitatern
1213 4069 1296 4130 suant
1318 4068 1516 4149 poenitentiae
1536 4067 1693 4129 beneficio
1715 4069 1925 4147 recuperem?
1967 4068 2031 4131 Re·

664 4152 798 4233 spondet
817 4149 1013 4211 thnttnat:
1035 4152 1085 4211 loc.
1099 4153 1148 4214 cit.
1169 4158 1195 4223 ξ.
1210 4170 1240 4232 9.
1259 4168 1417 4220 canones,
1440 4151 1492 4227 qui
1512 4150 1645 4211 clericos
1665 4149 1734 4230 post
1753 4148 1853 4212 astam
1870 4150 2032 4230 poeniten·

664 4238 739 4297 tiam
767 4234 798 4295 in
824 4231 966 4293 ollicium
987 4229 1106 4294 tellitui
1131 4233 1318 4312 prohibent,
1343 4232 1381 4293 de
1404 4232 1523 4311 publico
1543 4233 1718 4311 loquuntur
1738 4234 1945 4312 poenitentia:
1972 4232 2033 4297 alii

664 4328 769 4377 autern
785 4334 941 4385 canttnes,
965 4314 1017 4391 qui
1033 4332 1105 4379 reos
1123 4314 1244 4381 restitui
1262 4314 1468 4398 permittunt,
1489 4316 1675 4399 deprivant
1699 4327 1834 4391 mutum,
1877 4314 2030 4382 Concu„

664 4396 849 4468 ‘sosarmo
874 4397 902 4465 l.
930 4394 1029 4463 CAN.
1045 4414 1074 4464 2.
