4784 5550
363 592 368 602 ’
460 619 527 710 148
703 561 1736 678 nenerrrronrsc·o⁰rtstvn

351 847 361 858 .
455 795 485 863 lt.
502 811 528 861 t.
575 787 774 858 esttecum
789 782 844 857 hic
861 779 1021 862 debemus
1035 801 1211 872 recurrere
1224 777 1265 851 nd
1280 775 1409 851 fontem
1426 798 1550 851 texture
1574 776 1656 850 dicit
1676 775 1865 869 Eugenium
1897 782 1928 849 e'a

357 961 360 970 ,
453 889 674 984 peettaelanlis
702 879 798 974 caufis¹
812 883 1034 973 {atramentum
1052 885 1090 952 de
1111 885 1260 951 calumnia
1280 903 1338 948 tren
1359 881 1457 973 paffim
1475 883 1655 972 precipimus
1674 877 1826 957 celleri,
1861 875 1928 967 sel,

455 1009 532 1058 curn
549 980 621 1052 fieri
642 978 780 1051 facimus
809 979 905 1069 (hee
929 978 1030 1049 verba
1051 975 1160 1048 ontilr't
1182 980 1393 1067 limitandas,
1435 973 1508 1045 sunt
1535 997 1645 1046 temen
1668 976 1703 1045 in
1729 979 1928 1067 compilatione

462 1107 549 1162 tnta,
575 1077 643 1160 tel,
671 1100 707 1148 ut
722 1079 904 1148 accuratius
927 1078 960 1144 in
979 1081 1148 1167 Appen-lice
1182 1069 1585 1146 Conciliilnteranenlit:
1614 1097 1681 1142 eum
1701 1071 1774 1163 pieri
1785 1071 1928 1163 finimus]

455 1183 564 1264 caule,
589 1180 841 1272 &principalium
854 1172 1044 1267 personarum
1060 1177 1209 1263 qualitate
1228 1171 1356 1262 iuspella
1377 1176 1555 1264 diligenter,
1587 1174 1764 1263 quaudoque
1783 1191 1838 1261 per
1860 1169 1928 1262 ipset

323 1325 326 1332 .
452 1281 626 1372 principales
642 1273 797 1364 personas,
823 1275 999 1363 quandoque
1012 1292 1063 1362 pet
1079 1293 1237 1338 oecurttrnuc
1250 1271 1305 1360 fili
1323 1272 1474 1348 indultos,
1506 1272 1581 1338 t'llud
1601 1275 1778 1360 precipimus
1794 1268 1928 1359 pullati.

454 1379 539 1444 Non
555 1373 705 1466 loquitur
721 1371 772 1437 lric
790 1361 940 1438 Pontifex
957 1366 998 1435 de
1014 1366 1223 1457 constitutione
1238 1371 1342 1457 aliqua
1352 1371 1508 1456 generali,
1536 1389 1600 1458 que
1617 1367 1818 1461 preceperit
1840 1365 1874 1434 in
1887 1363 1928 1459 jeu

456 1471 551 1540 ditiis
568 1467 631 1538 suis
649 1465 797 1538 exhiberi
814 1464 1037 1557 juramentum
1055 1463 1227 1534 calumnie
1243 1487 1260 1530 n
1276 1459 1424 1558 personis
1440 1458 1682 1542 ecclefiaslicit,
1707 1463 1810 1533 etium
1821 1461 1877 1550 sul
1890 1464 1928 1531 at

454 1574 599 1661 ligatione
618 1587 737 1633 tanturn
757 1564 966 1648 alternative,
992 1583 1048 1630 eut
1063 1584 1125 1658 per
1148 1557 1179 1630 se
1199 1557 1303 1655 ipsos,
1334 1584 1390 1631 out
1408 1585 1469 1655 per
1489 1583 1697 1629 oecooomos:
1739 1555 1795 1628 sed
1820 1560 1862 1630 de
1885 1560 1928 1646 {etc

454 1672 573 1737 decreto
596 1663 795 1754 approbante:
821 1661 950 1753 quoties
968 1660 1056 1728 eninr
1078 1682 1154 1752 pore
1177 1660 1264 1753 perti
1288 1655 1405 1736 offert,
1437 1682 1494 1727 out
1513 1654 1623 1727 desert
1646 1661 1677 1726 in
1697 1654 1825 1741 iudicio
1844 1657 1928 1750 jure·

453 1785 621 1840 mentum,
646 1758 746 1853 judex
763 1756 946 1851 interponit
968 1754 1061 1825 suum
1081 1759 1232 1825 clecetrum
1249 1756 1365 1841 stereus,
1392 1752 1455 1825 stre
1469 1757 1654 1848 appeularrcc
1677 1753 1756 1823 hinc
1771 1753 1854 1825 dixit
1871 1757 1928 1826 Etr·

426 1887 428 1892 ·
453 1863 590 1951 genius:
614 1881 679 1925 cum
691 1854 921 1947 fiteifinimus:
942 1876 1006 1921 non
1024 1850 1096 1923 scuit
1119 1857 1228 1923 eutein
1246 1854 1363 1945 peffim,
1388 1875 1449 1945 per
1463 1852 1602 1922 modum
1617 1851 1779 1942 necaffaeie
1795 1852 1928 1943 saemali

455 1961 551 2035 tatis,
575 1951 629 2023 sed
647 1956 741 2049 prius
764 1951 943 2042 diligenter
961 1946 1107 2046 inspeslrt
1128 1953 1218 2035 caule
1239 1949 1414 2044 qualitate:
1449 1949 1568 2020 deinde
1593 1975 1650 2018 neu
1670 1961 1783 2042 lumper
1796 1955 1928 2044 eempelir

454 2049 612 2150 personas
631 2043 875 2131 ecclesisticas,
900 2068 937 2117 ut
948 2070 1001 2141 per
1014 2047 1197 2142 semetipsas
1210 2049 1379 2142 jurarent,
1414 2070 1529 2117 verum
1553 2044 1684 2116 inclulst
1705 2049 1753 2116 eis
1775 2051 1928 2140 delegatio

453 2175 522 2223 erem
542 2171 770 2226 atrianorum,
793 2143 834 2215 ed
853 2167 1004 2215 normam
1021 2149 1120 2233 Capit.
1143 2171 1171 2217 ι.
1189 2149 1221 2218 lt.
1237 2166 1264 2217 t.
1314 2143 1378 2216 Sed
1395 2167 1454 2214 nec
1470 2141 1541 2214 srvit
1557 2142 1688 2239 semper
1711 2142 1783 2214 illae
1803 2143 1928 2236 juraret

454 2244 581 2320 temetsi
598 2243 715 2341 sponte
734 2240 927 2314 voluissent:
961 2242 1130 2313 interdum
1153 2245 1261 2312 noluit
1282 2265 1344 2337 per
1364 2264 1555 2311 oeconomos
1575 2241 1699 2336 jurari,
1730 2265 1851 2312 veruto
1875 2265 1928 2339 per

452 2342 610 2442 ipsasmet
627 2340 783 2440 personis
800 2339 1021 2434 principales:
1044 2338 1208 2434 quidquid
1225 2361 1336 2409 nutent
1351 2338 1697 2431 mendorctla'ugtttiuc,
1722 2338 1788 2410 hoc
1804 2337 1928 2435 semper

453 2467 520 2513 eum
540 2445 679 2533 diligenti
694 2444 887 2524 discretione,
913 2437 946 2506 ἃ
962 2439 1049 2524 caula
1065 2443 1205 2526 tegente,
1221 2437 1408 2519 matrdorit5
1433 2460 1492 2507 trec
1506 2432 1633 2508 sustulit
1648 2459 1790 2534 propter
1802 2437 1928 2510 hocitn·

453 2541 672 2615 munitatem,
696 2535 736 2605 ub
755 2539 902 2617 Hearict,
928 2531 1113 2604 &thteit
1130 2527 1330 2623 concessum
1356 2531 1412 2604 sed
1429 2556 1555 2604 tuntum
1582 2533 1636 2604 sot
1660 2541 1752 2629 praxi
1770 2530 1928 2627 ostendit¹

336 2698 339 2706 .
453 2659 523 2705 non
540 2633 720 2725 prevalere
735 2630 776 2701 stc
793 2631 884 2700 illum
901 2633 1166 2713 immunitatem,
1184 2632 1266 2723 quin
1286 2631 1431 2725 prudens
1445 2630 1545 2725 judee
1562 2636 1724 2723 aliquande
1738 2630 1780 2702 ab
1796 2633 1928 2730 ipsemet

326 2761 331 2769 ·
452 2731 632 2829 principali
650 2725 787 2824 persone
809 2730 985 2821 exquirere
1008 2724 1103 2824 pollii
1119 2728 1345 2823 juramentum
1361 2728 1544 2800 calumnie.
1597 2729 1697 2801 Unde
1719 2729 1784 2801 hoe
1805 2739 1881 2825 Cap.
1902 2755 1928 2819 3.

453 2830 579 2903 servire
600 2832 724 2923 poterit
744 2851 808 2922 pro
823 2830 907 2922 Cap.
927 2853 957 2899 r.
974 2851 1037 2922 per
1058 2828 1195 2897 modum
1221 2830 1442 2924 exceptionis:
1475 2852 1595 2923 nempe
1615 2831 1672 2914 nist
1689 2832 1720 2899 itt
1742 2834 1844 2921 alipene
1866 2828 1928 2921 teli

452 2928 572 3024 [periali
583 2929 679 3017 p'utlex
694 2924 902 3014 eeclefiasticut
920 2925 1115 3018 estimaveeit
1135 2928 1191 2996 liet
1212 2930 1289 3006 lut,
1325 2928 1471 2995 vilelicet
1502 2930 1550 3017 r.)
1563 2930 1731 3017 jurandum
1751 2927 1808 3018 effe
1829 2931 1868 2999 tle
1887 2950 1928 3000 car

453 3031 584 3105 lumnie.
634 3022 672 3113 2)
689 3026 854 3117 jurantium
870 3023 926 3116 effe
945 3046 999 3118 pet
1014 3023 1169 3118 ipsammet
1187 3033 1342 3117 perpetem
1353 3026 1557 3118 principalem.

570 3223 629 3291 cr.
656 3220 694 3288 C.
709 3222 836 3287 Nonne
852 3239 932 3286 vero
948 3215 1037 3286 idem
1065 3221 1213 3310 Eugenius
1229 3224 1297 3293 lll.
1320 3220 1353 3287 in
1373 3227 1444 3313 cap.
1465 3248 1497 3295 4.
1513 3221 1546 3289 r.
1568 3238 1591 3290 t.
1607 3220 1768 3314 precepit
1783 3222 1928 3291 menacltit

454 3315 710 3407 cisterer'eastbas,
736 3313 861 3384 utloco
890 3311 936 3383 stri
960 3312 1157 3385 conssittrant
1180 3340 1408 3398 oeconomum,
1433 3320 1490 3411 qui
1513 3316 1617 3388 valent
1637 3317 1866 3411 juramentum
1892 3317 1928 3389 de

388 3412 391 3419 ’
454 3413 620 3485 calumnia
636 3408 816 3483 exhibere?
842 3416 885 3482 D.
901 3416 1027 3481 Nonne
1042 3408 1187 3507 expresse
1202 3412 1309 3483 adhuc
1325 3412 1459 3485 soluerit
1478 3439 1596 3485 eorum
1613 3417 1859 3486 immunitatem
1876 3438 1928 3511 ρο

450 3510 579 3583 nendo:
606 3514 648 3579 ad
673 3511 936 3602 quodfacietelum
957 3533 1004 3578 eos
1025 3532 1127 3602 cogere
1148 3534 1207 3579 nuit
1230 3514 1388 3581 lebamus!
1420 3514 1462 3581 Er
1478 3509 1615 3607 quere?
1639 3514 1764 3608 inspice
1779 3507 1928 3585 fontem:

452 3613 532 3703 quie
560 3616 777 3702 Imperatorum
796 3607 979 3699 secularium
1005 3611 1108 3700 leget,
1150 3610 1396 3700 &ecelefiastiee
1419 3616 1547 3681 Paetum
1571 3612 1821 3699 constitutiones,
1853 3615 1928 3683 vitu

452 3706 594 3793 teligiofis
609 3709 720 3773 nullam
739 3704 921 3788 raelelliam,
946 3709 1001 3775 vel
1019 3708 1239 3787 turbationem,
1273 3732 1334 3797 pue
1348 3705 1433 3796 facet
1457 3711 1553 3777 reclini
1570 3712 1779 3788 ctttttacltcat,
1802 3712 1928 3801 ireagaer

472 3808 653 3869 eemieruat:
678 3824 718 3869 en
742 3823 891 3892 apertam
912 3804 1184 3894 provocationem
1211 3802 1250 3871 od
1273 3804 1386 3893 leges,
1421 3803 1631 3893 &conones‚
1660 3810 1694 3875 in
1717 3815 1789 3897 Cap.
1811 3833 1841 3875 t.
1857 3810 1890 3875 lt.
1907 3827 1928 3879 t

448 3824 622 3976 saudotos,
648 3895 738 3965 &ud
759 3897 908 3985 regulam
930 3902 961 3968 S.
980 3897 1162 3969 Benedicti.
1216 3904 1385 3996 Qroniottr
1409 3927 1489 3972 vero
1507 3905 1643 3990 cauſstlici
1670 3907 1773 3973 Gallia
1794 3927 1813 3972 u
1838 3900 1928 3975 botrie

384 4080 389 4087 Ι
448 3993 518 4065 isto
534 3991 695 4084 religiosis
711 3991 858 4063 absoluto
872 3997 1125 4087 importunitate
1141 3999 1314 4088 exigebant
1333 3996 1557 4092 juramentum
1581 4001 1773 4080 calumniae,
1798 3997 1880 4072 srcut
1894 3999 1928 4073 el

448 4094 522 4161 eliis
543 4092 654 4170 luicis,
681 4089 934 4186 timendumque
951 4086 1035 4175 fuir,
1061 4118 1120 4176 ne,
1144 4090 1295 4165 recusato
1316 4119 1383 4182 eo,
1409 4093 1640 4167 monasteriae
1664 4095 1757 4168 coust
1776 4095 1831 4168 suo
1847 4098 1928 4171 deci·

448 4185 584 4272 ditent,
612 4186 653 4257 stc
671 4194 821 4281 Eugeniue
842 4189 1028 4271 ordinavit,
1053 4213 1091 4261 ut
1114 4215 1309 4262 oeconomus
1327 4189 1561 4285 constituetur,
1587 4198 1644 4289 qui
1660 4195 1767 4288 juret,
1791 4194 1928 4270 &hunt

449 4284 559 4379 ipsum
575 4287 683 4361 noluit
696 4290 809 4377 (emper
825 4285 958 4379 jurare,
981 4285 1055 4369 sed,
1081 4312 1145 4357 cum
1164 4314 1213 4358 tes
1227 4290 1452 4381 postulaverit,
1478 4316 1544 4361 cum
1563 4295 1670 4383 metelle
1689 4293 1798 4380 fuerit.
1848 4296 1925 4387 cog

449 4378 555 4451 noscis
570 4410 670 4473 ergo,
695 4384 786 4476 quod
805 4389 954 4478 Eugenius
969 4391 1037 4455 111.
1053 4382 1201 4456 absolute
1216 4386 1342 4467 adhuc,
1359 4392 1565 4482 quantumin
1582 4389 1654 4485 ipso
1669 4412 1756 4473 eret,
1782 4388 1928 4464 erellum

450 4474 588 4646 perdendaes
597 4481 805 4646 coprenderit
822 4489 895 4578 cap.
921 4508 950 4554 r.
976 4484 1007 4553 b.
1026 4501 1071 4566 t.,
1097 4484 1296 4581 primusque
1318 4479 1421 4558 fuecit
1444 4492 1556 4567 Lucius
1578 4493 1746 4586 Μηρώ
1760 4511 1878 4561 contra
1891 4488 1928 4561 il·

468 4597 489 4646 u
557 4601 567 4647 r
582 4600 628 4673 ρο
645 4597 704 4660 utt.

1808 4690 1867 4767 la.
1895 4686 1928 4760 G
