4784 5550
498 591 812 677 rustuucrto
840 591 1461 672 canonica-nouarum
1486 597 1555 673 aa
1581 599 1788 687 cnosso,
1826 623 1900 714 aaa

536 777 631 860 ipstus
651 774 859 840 Clementiuae
880 775 1081 839 ordinabatur
1098 774 1240 858 frugalia
1261 773 1412 858 roseata,
1442 798 1515 861 quae
1531 800 1595 842 uon
1619 784 1712 849 duret
1726 791 1810 852 uitra
1835 803 1898 860 tras

536 861 648 928 ituras,
672 856 705 921 δι
724 862 755 921 in
782 878 842 940 qua
862 879 922 921 non
936 862 1018 921 ultra
1038 871 1171 941 quatuor
1190 863 1294 939 pocula
1315 861 1530 942 propinetotia
1551 866 1711 930 bibantur:
1744 869 1813 934 haec
1832 878 1894 956 ipsa

536 962 608 1005 eum
628 941 778 1022 abrogata
802 940 837 1002 tit
855 961 873 1001 a
894 941 1033 1021 pluribus
1054 944 1208 1003 currentia
1229 941 1334 1006 saeculi
1358 947 1468 1017 arania,
1499 945 1592 1006 ceiiat
1608 967 1703 1012 omne
1719 957 1894 1028 periculum

535 1025 675 1094 sumptus
691 1023 863 1092 exceffivi.
896 1035 1025 1104 propter
1042 1025 1127 1104 quod
1155 1023 1231 1085 efl'et
1251 1023 1438 1105 jurandum,
1470 1029 1613 1108 adeoque
1631 1032 1663 1093 in
1690 1035 1793 1098 nostre
1816 1038 1894 1106 Uni·

534 1097 682 1173 versitate
703 1106 767 1168 hoc
784 1105 953 1187 juramenti
971 1107 1145 1188 capitulum
1160 1107 1288 1170 nonest
1307 1109 1442 1191 amplius
1456 1109 1491 1172 in
1515 1108 1581 1174 usu.

534 1322 599 1393 ΙΙΙ.
629 1322 762 1413 Quanta
777 1313 822 1388 est
836 1317 906 1388 haee
921 1314 1065 1400 summu,
1088 1343 1146 1392 nan
1166 1323 1335 1393 excedenda
1351 1346 1369 1392 a
1383 1321 1520 1416 quovis,
1546 1322 1616 1391 imo
1637 1319 1728 1416 juxta
1748 1331 1843 1398 ciem.
1862 1353 1896 1404 a.

439 1419 613 1589 ww·
636 1416 746 1493 adhue
769 1416 993 1513 restringenda,
1014 1413 1072 1490 ttifi
1093 1412 1206 1491 forsan
1227 1421 1332 1492 nubilis
1347 1425 1525 1493 traditionis
1548 1424 1717 1494 extiterint
1732 1425 1897 1517 gradata·

474 1701 575 1770 'Noa
596 1703 731 1775 mirum
758 1701 797 1763 de
815 1699 880 1762 hoe
895 1700 993 1781 quaeri
1013 1698 1086 1762 seria
1107 1700 1304 1781 temporibus
1327 1701 1462 1774 nostrin
1494 1722 1566 1768 eum
1587 1705 1641 1785 ipfi
1663 1707 1728 1787 jam
1748 1717 1893 1786 veterea,

534 1787 673 1851 conditae
688 1798 793 1846 tamen
807 1782 1011 1845 Clementittae
1025 1801 1101 1844 aevo
1119 1785 1303 1864 propiora.
1323 1786 1555 1860 dubitaverint,
1579 1788 1770 1870 desuperque
1790 1795 1894 1873 dispu-

532 1869 690 1941 taverint;
730 1885 790 1928 noe
818 1881 945 1946 quoque
968 1862 1095 1927 Treviri
1120 1867 1241 1948 pridem
1261 1886 1304 1928 ex
1329 1866 1382 1928 usu
1407 1867 1614 1932 dimiserimus
1637 1877 1765 1935 nomina
1785 1873 1894 1940 Tuto·

533 1947 692 2022 densium,
717 1962 926 2026 veterumque
941 1943 1135 2027 grossorum,
1159 1947 1256 2012 hodie
1274 1947 1475 2013 solummodo
1499 1950 1729 2033 cognoscentes
1751 1957 1895 2040 produn

533 2051 669 2119 parvum
688 2033 784 2095 trium
798 2028 1044 2112 Crucigerotum
1065 2027 1164 2096 Rhea.
1354 2031 1359 2040 “
2005 2037 2008 2042 ·

517 2248 576 2320 1V.
603 2249 789 2321 GLossa
815 2243 939 2317 ibidem
959 2240 1082 2317 verbor
1108 2249 1332 2336 Argentanum
1348 2247 1411 2326 ait:
1433 2247 1520 2318 Tria
1541 2247 1645 2320 millia
1660 2247 1895 2344 issaascenduat
1957 2245 1960 2250 ⁵

446 2347 474 2415 ei
483 2367 590 2417 manete
605 2346 797 2429 Bananirnfis
810 2349 989 2437 quingentas
1003 2344 1095 2412 libras
1109 2347 1316 2414 Beneuentum
1330 2369 1514 2436 parvarum,
1537 2347 1822 2443 (denariolorum)
1843 2379 1894 2448 pa.

445 2449 516 2513 raude
533 2443 731 2529 Turonensem
746 2468 797 2534 pru
814 2446 924 2510 durius
946 2448 1090 2521 Venetis,
1115 2445 1171 2510 vel
1186 2468 1244 2515 aa.
1262 2445 1490 2527 Bononieafibua
1502 2469 1628 2536 parvis,
1653 2454 1900 2524 neronianam.

441 2539 593 2627 luveram.
648 2545 806 2680 ‘Casus
837 2545 941 2633 longus
963 2540 1068 2621 dicit,
1119 2537 1174 2630 affe
1191 2537 1341 2631 stamnum
1362 2545 1560 2613 ducentarum
1581 2550 1800 2640 quinquaginta
1819 2569 1895 2622 Au·

444 2649 623 2714 HORUM·
1354 2671 1359 2682 ·

470 2822 483 2865 ⁸
499 2828 637 2907 Qvaaaa
651 2824 685 2889 hi
701 2825 874 2899 (interanei,
898 2824 1075 2906 explicavit
1093 2822 1332 2887 Panormitanae
1346 2822 1377 2885 iu
1393 2821 1523 2885 eandem
1539 2824 1713 2903 Clemeat„
1733 2828 1794 2894 effe
1807 2852 1895 2899 oem-

531 2932 570 2995 pe
592 2910 734 2973 Harenas
750 2909 787 2970 da
805 2909 931 2973 Cumara
952 2911 983 2971 iu
1002 2908 1094 2971 Curia
1112 2906 1254 2967 Romane
1270 2904 1417 2976 afitatos,
1439 2905 1641 2981 existimans,
1663 2911 1744 2973 benc
1757 2913 1818 2976 effe
1833 2934 1894 2979 ve·

530 2993 743 3056 tantillorum
766 2990 1015 3053 aestimationem.
1062 2989 1241 3060 florenum,
1276 2986 1309 3048 ὃ(
1331 2988 1482 3049 Durutunt
1501 2993 1574 3049 auri
1597 3004 1635 3050 aa
1660 2992 1785 3055 a'amara
1809 2999 1895 3061 idem

530 3074 608 3145 effe.
633 3074 729 3136 docet
751 3072 887 3155 Pyrriutu
910 3071 1065 3135 Corradus
1085 3066 1248 3150 drjpeasat.
1265 3068 1467 3150 Apossoiiaar.
1485 3072 1536 3132 iad.
1557 3073 1587 3133 6.
1607 3090 1670 3151 rap.
1689 3093 1718 3153 4.
1733 3095 1817 3138 num.
1840 3089 1892 3153 48.

529 3155 573 3223 Et
593 3158 720 3219 uberius
735 3157 765 3218 in
784 3155 885 3217 Ρνοκὶ
902 3156 1017 3237 benefic.
1036 3155 1085 3217 na.
1102 3170 1131 3215 2.
1151 3170 1216 3231 rap.
1239 3170 1282 3231 ¹3-
1304 3172 1387 3213 num.
1406 3172 1475 3232 17„
1499 3154 1551 3214 ubi
1567 3150 1606 3214 iic
1620 3172 1629 3215 ε
1641 3196 1661 3226 ,,
1687 3154 1832 3218 Fauna
1849 3162 1895 3221 ita

529 3238 656 3315 „distuu
676 3237 739 3309 est,
783 3239 854 3317 quie
881 3257 897 3295 a
920 3237 1100 3299 florentinis
1125 3233 1388 3307 innitendum,
1421 3234 1454 3296 dt
1475 3232 1517 3295 sto
1541 3234 1657 3297 dicitur
1682 3258 1698 3299 a
1721 3238 1892 3313 florentio,

530 3324 588 3399 „dt
608 3320 782 3402 persianum
806 3320 864 3379 iiiii
883 3320 944 3380 uidi
965 3320 1003 3379 ab
1020 3338 1080 3379 une
1100 3328 1208 3398 parte,
1235 3319 1273 3377 ab
1293 3316 1388 3377 altato
1411 3336 1490 3377 veto
1509 3335 1564 3395 per
1579 3317 1609 3380 S.
1632 3317 1764 3389 Joannia
1787 3321 1896 3401 Bapti··

529 3405 609 3479 „stae
627 3397 782 3482 effigiem,
802 3403 833 3462 in
849 3421 890 3461 eo
914 3399 1107 3471 existentes;
1130 3398 1214 3458 unde
1228 3411 1375 3477 apparet,
1394 3398 1481 3458 ilium
1505 3398 1545 3458 stc
1564 3404 1734 3473 nominari,
1755 3421 1821 3463 non
1840 3406 1892 3465 so·

528 3487 619 3562 „lum
635 3504 655 3546 a
672 3487 793 3545 ciuitate
816 3482 994 3555 florentia,
1025 3481 1075 3543 sed
1097 3481 1192 3542 etiam
1208 3497 1228 3541 u
1242 3479 1322 3563 flora
1347 3480 1421 3549 iiiii,
1443 3477 1520 3541 teste
1540 3478 1690 3545 Sarneuii.
1735 3482 1798 3558 Qui
1820 3488 1893 3564 qui-

528 3570 623 3646 „dem
642 3564 801 3634 florenos,
836 3566 911 3627 licet
934 3577 1063 3644 propter
1083 3564 1185 3625 variae
1206 3559 1443 3623 Provinciarum
1468 3562 1711 3626 consuetudines
1728 3587 1764 3626 ac
1789 3570 1893 3631 varie·

528 3660 650 3729 „tatem
671 3652 816 3711 incertum
837 3647 950 3707 habeat
969 3646 1213 3728 aestimationem.
1247 3656 1283 3705 ut
1303 3644 1347 3705 ait
1370 3642 1526 3723 Saiycatus
1547 3647 1580 3705 in
1596 3647 1614 3707 1.
1626 3645 1685 3727 fin.
1710 3646 1741 3709 C.
1762 3646 1800 3709 Si
1821 3658 1892 3717 tert.

457 3756 459 3761 ·
528 3744 611 3817 „pet
629 3743 750 3794 certum
770 3728 813 3790 est
834 3728 1057 3799 nihilomiuus,
1088 3727 1169 3807 quod
1193 3726 1227 3786 ia
1254 3725 1393 3789 Romanu
1415 3726 1510 3787 Curia
1526 3731 1613 3788 tuxia
1633 3726 1801 3811 officialium
1817 3734 1896 3793 acci·

530 3821 642 3897 „pitur
656 3834 713 3894 pro
733 3811 850 3873 Durata
868 3811 989 3873 araride
1005 3810 1147 3882 Cumara,
1173 3804 1251 3869 teste
1274 3807 1458 3879 Germaniae
1481 3806 1515 3869 dt
1532 3810 1574 3870 ita
1592 3811 1894 3890 intelligendarum

529 3908 664 3977 „tetam
694 3913 764 3975 quae
786 3895 920 3955 inlibris
939 3891 1078 3954 Camerae
1099 3892 1136 3951 ad
1158 3888 1261 3953 didius
1278 3888 1421 3952 florenos
1437 3893 1650 3971 reperiuntur.
1674 3895 1841 3973 praesettim
1862 3900 1895 3961 itt

528 3979 692 4058 „meteriis
715 3974 1004 4047 Coufistorialibua3
1026 3978 1090 4039 iicet
1111 3982 1201 4035 natea
1217 3970 1354 4053 floram
1369 3970 1545 4053 ittujnsnuodi
1554 3970 1662 4057 suiffet
1668 3974 1780 4059 forsan
1796 3982 1829 4039 in
1846 3979 1895 4039 di·
1914 3974 1918 3981 '

528 4062 597 4140 „Ha
622 4062 715 4123 Caria
737 4062 865 4120 minaris
886 4061 1009 4121 valaris.
1055 4054 1096 4117 Et
1117 4053 1316 4135 praecedente
1334 4072 1418 4114 num.
1438 4075 1466 4130 3.
1485 4054 1526 4117 sto
1550 4055 1689 4118 disserit:
1706 4102 1726 4129 „
1752 4059 1894 4123 Ducatua
1966 4108 1969 4115 .

527 4158 658 4219 „eutem
683 4143 871 4204 florentinus
885 4142 1093 4219 aequiparatur
1118 4137 1234 4199 Durata
1254 4136 1379 4197 araride
1397 4135 1538 4207 Camere.
1572 4138 1606 4200 dt
1623 4140 1728 4202 nulius
1749 4142 1896 4206 Fiorenue

528 4226 881 4303 ,‚Cumeroeteperitur‚
911 4221 965 4283 nist
992 4218 1054 4301 ipse
1075 4221 1301 4282 Dracanaaara·
1317 4217 1354 4278 de
1373 4216 1519 4289 Cunero,
1559 4222 1708 4301 nullaque
1735 4224 1794 4285 alie
1823 4244 1897 4287 mo·

528 4322 625 4386 „neta
642 4322 840 4381 nuncupatur
860 4307 896 4367 de
920 4305 1046 4368 Cumara
1065 4314 1179 4384 praeter
1193 4298 1283 4362 istoru
1303 4298 1482 4361 Ducatum:
1505 4297 1544 4365 fa
1560 4304 1606 4363 ita
1627 4302 1716 4365 hodia
1730 4306 1830 4390 pafflm
1846 4326 1897 4372 ar·
1993 4342 1996 4351 ·
2022 4330 2034 4359 r

528 4394 668 4472 „ripitur
687 4394 720 4450 in
744 4388 838 4449 crarta
861 4387 1042 4456 Romanu...
1085 4384 1162 4447 Haec
1184 4381 1273 4443 nosse
1298 4394 1428 4461 oportet
1458 4382 1649 4467 Cananistam
1675 4381 1895 4463 beneficiatam.
2001 4400 2004 4405 '

529 4492 595 4537 nou
617 4483 740 4533 tantum
766 4486 896 4549 propter
920 4468 1071 4548 Regulam
1088 4466 1291 4529 cancellariae
1316 4480 1442 4545 55tem‚
1480 4476 1517 4525 ut
1537 4485 1648 4527 verum
1674 4469 1817 4531 valorem
1839 4494 1897 4535 uu·

527 4572 624 4619 nuum
641 4551 786 4616 beneficii
813 4575 867 4634 pet
884 4551 946 4616 huc
961 4570 1065 4613 aureae
1082 4562 1221 4611 monetae
1241 4567 1342 4625 genus
1357 4548 1536 4628 exprimet.
1569 4548 1617 4609 sed
1642 4550 1735 4610 etiam
1758 4557 1897 4619 maxime

527 4646 659 4725 propter
674 4635 828 4721 Regulam
844 4638 956 4713 adam,
976 4634 1010 4699 dt
1029 4646 1132 4718 atam,
1156 4646 1191 4695 ut
1206 4628 1299 4702 sciat.
1322 4650 1363 4697 un
1376 4630 1538 4697 nuaiduue
1557 4630 1753 4713 Aebutiani,
1772 4639 1818 4699 uei
1828 4639 1900 4718 pri-

1079 4752 1084 4761 ·
1194 4711 1287 4801 urg
1540 4780 1547 4791 ,
1847 4732 1901 4782 rau
