4784 5550
427 701 432 706 ,
566 615 911 706 neranocno
934 615 971 694 a
995 577 1232 697 parerer.
1260 571 1747 704 unciatnovmrmn
1772 622 1839 701 ac.
1879 646 1926 727 57

447 821 521 872 mas.
543 798 591 890 ir)
641 802 723 871 Vll.
750 798 881 874 desaslo
906 803 996 874 Laici
1021 781 1221 900 quandoque
1241 800 1385 888 decimas
1409 803 1645 883 Ecclesiasticas
1665 805 1925 903 pretenderunt,

452 894 547 969 &sub
564 899 665 968 variis
683 900 897 994 praetextibus
914 899 1118 984 invaserunt,
1145 927 1227 997 quas
1247 889 1422 992 rrestletto
1438 908 1559 978 minori
1575 906 1680 988 malo,
1705 931 1757 1000 ne·
1774 907 1870 1001 plane
1888 907 1926 983 il·
1985 956 1988 960 <

451 993 491 1064 lai
511 994 693 1089 perderent
718 996 892 1092 Episcopi,
917 998 967 1069 vel
992 1024 1051 1093 per
1069 1000 1209 1072 modum
1232 1001 1462 1080 transailionis
1478 1005 1512 1071 in
1533 1001 1671 1074 feudum
1687 1002 1926 1078 concesserunt.

453 1096 541 1162 vllt.
565 1095 709 1187 denique
724 1091 840 1191 sepius
856 1097 941 1166 bona
957 1096 1106 1169 Ecclestis
1126 1100 1159 1168 in
1175 1102 1313 1169 remoris
1328 1103 1510 1194 provincits
1531 1100 1638 1170 oblata
1654 1126 1690 1170 ac
1713 1103 1832 1173 donata
1852 1100 1925 1172 sunt

456 1213 521 1262 eum
536 1190 672 1292 §mis
688 1192 733 1261 ob
750 1192 944 1264 Dislantiam
963 1221 1029 1266 non
1047 1196 1189 1269 multum
1208 1197 1301 1266 utilia
1317 1198 1369 1267 vel
1388 1198 1431 1272 ob
1447 1191 1584 1273 nimiam
1602 1189 1767 1276 bonorum
1790 1197 1925 1297 acquist-

457 1307 554 1362 torum
569 1289 820 1364 multitudinem
835 1295 868 1365 in
885 1290 1024 1368 feudum
1038 1290 1306 1383 conserebantur.
1333 1292 1365 1395 l)

1086 1543 1115 1631 o.
1165 1541 1277 1623 XIX.

520 1702 767 1809 Consequenter
788 1705 925 1784 decima
956 1709 1157 1786 ordinaria
1181 1735 1356 1813 nunqnam
1369 1708 1576 1814 spessnrrtnt
1599 1710 1647 1785 od
1667 1704 1848 1786 Poroedor.

462 1949 466 1956 ,
555 1881 602 1948 Ex
617 1876 751 1950 invidiis
766 1877 855 1953 hisce
870 1882 1073 1972 argumentis
1091 1881 1246 1956 redditur
1262 1880 1505 1980 apodislicum,
1530 1883 1621 1981 quod
1644 1882 1779 1979 decime
1793 1879 1925 1954 ordina·

459 1972 503 2043 ria
516 1999 684 2072 nunquam
702 1975 924 2074 spestarintin
944 1983 1114 2071 germania
1138 1982 1177 2051 ad
1199 1986 1385 2078 l'arochos,
1411 2007 1486 2056 cum
1509 1984 1631 2078 partim
1647 1982 1813 2075 parochia
1834 1983 1923 2073 juxta
2037 2050 2043 2064 ,

457 2072 635 2144 modernam
653 2071 796 2146 formam
812 2076 952 2147 necdum
973 2072 1097 2149 fuerint
1120 2079 1153 2148 in
1170 2104 1284 2151 rerum
1303 2103 1443 2165 natura,
1471 2083 1593 2175 partim
1611 2082 1754 2149 rariores
1782 2078 1923 2173 parochi

456 2167 500 2240 ilo
519 2173 691 2268 tempore,
724 2171 780 2243 ubi
804 2172 940 2246 decimae
966 2172 1139 2271 Episcopis
1162 2171 1299 2248 fuerunt
1323 2175 1499 2269 assignare,
1533 2176 1667 2272 eridens
1690 2176 1806 2250 exinde
1828 2172 1923 2244 limul

454 2266 608 2351 reddiiur‚
630 2271 725 2365 quod
742 2267 842 2342 finon
856 2296 989 2354 omnes,
1015 2273 1196 2344 innumere
1215 2299 1325 2346 remen
1347 2277 1381 2343 in
1401 2276 1569 2364 germania
1590 2274 1757 2368 parochie
1774 2268 1922 2353 exiliant,
2019 2343 2023 2352 ,

453 2437 455 2442 ,
489 2363 559 2436 ibus
575 2392 748 2463 nunquam
760 2367 814 2463 jue
830 2368 870 2439 ad
888 2367 1032 2440 decimas
1049 2394 1263 2468 quascunque
1278 2370 1318 2443 ab
1332 2374 1462 2463 origine
1474 2368 1530 2443 sua
1543 2369 1813 2465 competiit,‹,vel
1832 2370 1923 2440 enim

451 2386 504 2534 dse
517 2463 655 2537 demum
668 2490 751 2537 nera
766 2465 839 2537 sunt
853 2490 894 2537 eo
911 2491 1080 2563 tempore,
1107 2467 1163 2540 ubi
1186 2470 1321 2541 decimae
1338 2468 1377 2540 ab
1400 2465 1575 2565 Episcopia
1596 2469 1637 2539 ad
1656 2467 1739 2538 alios
1757 2463 1834 2538 usus
1853 2464 1924 2561 jam
2012 2507 2042 2570 g

450 2553 572 2635 suerent
587 2559 754 2636 deslinerae
772 2563 1008 2660 dupplicata,
1034 2564 1087 2639 rel
1102 2562 1202 2661 fijam
1217 2568 1392 2640 extiterant
1406 2568 1565 2648 Perochi,
1593 2588 1771 2662 antequem
1784 2563 1939 2637 decime·
1984 2571 1990 2608 '

450 2657 477 2727 iu
490 2659 569 2732 alios
583 2656 719 2732 fuerant
733 2662 914 2743 translatae,
941 2663 1087 2735 decimas
1106 2688 1216 2737 remen
1234 2662 1292 2761 ipst
1316 2664 1405 2735 haud
1428 2662 1666 2748 obtinuerunt,
1692 2685 1792 2759 atque
1810 2688 1850 2736 ex
1870 2661 1923 2733 hia
1971 2722 1977 2732 .
2083 2752 2087 2758 Ι

449 2756 593 2830 omnibus
616 2756 765 2857 sequitur
786 2785 886 2857 quam
902 2758 986 2856 juste
1007 2763 1041 2833 in
1055 2758 1132 2858 ipsis
1148 2763 1257 2837 adhuc
1277 2760 1497 2854 decretalibus
1522 2762 1648 2835 Screulo
1671 2765 1749 2836 ΧΠ.
1773 2761 1804 2832 dr
1828 2763 1922 2835 Xlls.

402 2878 407 2939 l
449 2853 608 2955 Episcopo
629 2856 833 2930 adscribatur
846 2855 985 2933 fundata
1004 2862 1145 2938 intentio
1165 2887 1230 2962 pro
1251 2862 1389 2937 decimis
1412 2860 1530 2965 &noo
1550 2860 1713 2959 parocho.
1742 2854 1832 2943 conf·
1849 2867 1923 2956 Gap·
1945 2904 1951 2915 ·

403 2948 412 3037 l,
456 2956 890 3052 13.x.dc3r.dcderimis.

1790 3055 1925 3144 axx.
1987 3024 1991 3033 '
2059 3114 2066 3135 ,

408 3316 410 3321 ,
555 3196 624 3309 ltec.
649 3251 797 3327 praterea
821 3245 873 3308 stoc
899 3245 1074 3329 adjecerunt
1101 3243 1278 3327 (Holsati)
1302 3264 1363 3309 non
1378 3247 1506 3315 multum
1528 3244 1705 3309 adamantes
1731 3258 1751 3308 a
1773 3243 1923 3318 veritate,

403 3394 404 3399 γ
557 3329 638 3409 quod
656 3328 756 3390 omnes
776 3347 850 3410 pene
866 3329 985 3392 decima
999 3330 1032 3390 in
1053 3332 1146 3391 lnxns
1176 3328 1376 3392 Setulnrinm
1392 3322 1533 3413 refferint.

403 3444 404 3469 ¹
492 3462 531 3546 l)
550 3464 740 3548 Exemplum
769 3466 899 3531 exhibet
926 3466 1375 3541 Touraslnc.Rnrn1rann
1400 3469 1432 3532 in
1462 3467 1581 3533 Setelsis
1605 3463 1864 3549 obseruationibus
1883 3462 1926 3526 ad

555 3549 647 3613 Parti
666 3549 838 3637 Cirrisst'noet‘
864 3552 1019 3634 nnrfiones
1039 3549 1115 3632 Vol.
1133 3549 1206 3616 VII.
1227 3552 1286 3616 asts.
1308 3571 1338 3634 9.
1384 3598 1390 3611 .
1407 3570 1455 3633 15.
1477 3552 1528 3612 ubi
1543 3549 1672 3612 castrum
1688 3547 1845 3631 Episcopo
1866 3547 1929 3629 ob·¹

557 3632 656 3695 latum
679 3631 799 3719 suerat,
857 3651 900 3695 uo
920 3635 1033 3696 iterum
1055 3632 1193 3695 investiti
1220 3634 1289 3695 sunt
1312 3572 1421 3695 vasalli
1447 3632 1560 3694 additis
1585 3632 1708 3711 insuper
1731 3629 1862 3692 decimis
1886 3628 1925 3691 ab

558 3711 717 3797 Episcopo
744 3651 938 3797 possedistis
962 3724 1104 3781 mutuum
1125 3715 1292 3779 dilessionis
1313 3708 1452 3797 offissnm
1473 3735 1512 3777 ex
1535 3715 1721 3784 rimandum,
1751 3721 1848 3808 prput
1868 3709 1926 3807 hp·

558 3795 692 3860 beturin
708 3796 837 3860 Litteris
859 3796 1072 3869 investiturae,
1101 3797 1185 3860 aliud
1214 3797 1403 3879 Exemplum
1432 3735 1564 3860 exhidet
1589 3795 1764 3859 Luuawrn
1785 3815 1818 3855 tn
1838 3793 1923 3874 reliq.

558 3878 754 3964 manuscript.
770 3877 865 3944 Torn.
885 3878 941 3945 lV.
964 3900 994 3960 p.
1015 3898 1086 3941 211.
1107 3880 1166 3961 seq.
1192 3882 1245 3942 ubi
1267 3883 1298 3943 in
1320 3881 1494 3959 diplomate
1524 3880 1564 3942 de
1586 3898 1634 3941 an.
1659 3889 1748 3960 1198.
1773 3875 1923 3971 refertur,

558 3962 645 4041 quod
670 3963 796 4043 quidam
815 3964 865 4024 vir
882 3962 997 4024 nobilis
1022 3960 1109 4024 suum
1135 3962 1274 4025 Castrum
1297 3960 1473 4044 Wiltperch
1503 3981 1563 4024 una
1591 3981 1661 4024 cum
1683 3960 1830 4022 omnibus
1851 3966 1926 4020 attt-

554 4045 701 4107 nentibue
718 4046 748 4106 in
766 4042 896 4107 seudum
913 4042 1066 4109 obtulerit
1081 4040 1256 4110 Wolskero
1275 4044 1435 4127 Episcopo
1454 4043 1648 4111 Patavienst.
1673 4042 1786 4123 quibus
1802 4041 1832 4102 in
1856 4037 1926 4100 setr-
1952 4116 1958 4126 .

556 4124 632 4189 dum
644 4123 796 4190 concessio
812 4128 965 4204 addiderit
983 4125 1158 4209 Episcopus
1182 4146 1282 4191 omnes
1303 4128 1433 4191 decimas
1452 4127 1563 4191 ibidem
1578 4130 1741 4190 attinentes
1757 4131 1820 4189 tam
1844 4136 1927 4203 proe-

551 4203 652 4290 smlrs
667 4227 758 4291 quom
768 4207 914 4291 suturas,
935 4206 1181 4293 attenuantes.

490 4355 520 4435 l)
538 4348 794 4435 Contprobantnr¹
814 4349 912 4424 dista,
933 4345 956 4410 st
977 4347 1119 4430 fugitivo
1142 4348 1248 4412 saltem
1262 4349 1361 4412 oculo
1381 4347 1614 4430 pervolvantur
1632 4343 1790 4405 Mrem
1816 4337 1926 4405 Dono·

560 4437 658 4498 tiones
667 4437 728 4514 pict
741 4434 888 4514 Belgica,
914 4430 1095 4494 traditiones
1109 4431 1205 4493 sirld:
1230 4431 1470 4505 asculano,
1495 4423 1696 4509 Frtfingansts
1709 4423 1925 4519 alllnrcrrna-

560 4536 713 4592 necaro,
746 4513 932 4599 corbeienses
952 4510 1145 4580 :faremo
1170 4514 1284 4592 editae,
1314 4534 1373 4578 nec
1395 4532 1462 4575 non
1479 4510 1668 4577 Scflannrr
1694 4506 1833 4573 Cirrntrla
1853 4504 1926 4569 Fnl-
1995 4600 2004 4609 ῃ

559 4597 665 4682 aruns.
723 4667 726 4671 ,
1265 4651 1268 4657 ,

498 4715 626 4801 Tonas
652 4714 741 4801 VII.
975 4711 998 4738 ²
1384 4714 1424 4781 H
