4784 5550
454 655 527 720 no
646 583 1735 714 ‘nrrrrrrtootscottstvn
1838 645 1841 652 ·

452 815 533 891 ient.
591 817 721 892 Verum
745 817 817 892 bet
837 839 900 917 ptr
919 813 1150 918 porensbesin,
1182 815 1342 913 quonium
1365 837 1474 893 ternio
1500 815 1593 894 dedit
1614 815 1839 904 otiosouem,
1867 817 1926 894 hoe

453 916 628 1010 tingendi:
654 939 770 1016 perge.
1365 931 1382 940 ”

628 1137 685 1199 49.
710 1115 751 1184 C.
772 1111 855 1184 Vult
876 1111 1045 1190 Honorius,
1071 1105 1295 1204 Episcopum,
1321 1129 1383 1204 per
1397 1105 1430 1180 se
1450 1107 1660 1202 juraturum,
1685 1112 1783 1208 ptiut
1797 1133 1851 1204 pro
1870 1133 1932 1183 too·

451 1206 829 1293 fiiiodebereoccedere
849 1219 1014 1279 Rementem
1039 1213 1232 1296 Pontsfisem:
1266 1208 1599 1295 hocnssenvnnsneti
1621 1215 1788 1280 denovist
1825 1231 1931 1304 tttqttt

451 1307 541 1376 enim
559 1308 647 1399 legat
664 1311 706 1378 de
723 1331 764 1378 eo
786 1307 969 1402 quidquam
994 1311 1025 1374 in
1044 1309 1245 1375 ontttiotsios
1263 1309 1466 1374 deterrebitis
1471 1329 1483 1378 t
1513 1303 1560 1376 est
1581 1331 1741 1401 pretereo
1763 1307 1932 1400 improbii·

451 1403 576 1489 obite,
600 1405 659 1476 nist
678 1403 767 1477 sorte
784 1403 939 1501 Episcopi
956 1413 1051 1474 Reme
1072 1400 1131 1472 sint
1147 1409 1326 1480 viciniores,
1359 1423 1396 1472 ut
1411 1425 1504 1492 putot
1523 1407 1695 1494 Goffssdtts.
1711 1409 1756 1478 D.
1779 1407 1930 1476 Erttuo·

452 1525 530 1572 rum
546 1501 769 1588 reservatum
805 1505 883 1596 quin
906 1527 967 1572 snos
985 1523 1120 1596 quoque
1141 1525 1241 1573 noves
1261 1495 1388 1579 fuisset,
1421 1523 1459 1571 u:
1484 1500 1605 1596 tiiquir
1634 1501 1791 1598 Episcopus
1823 1501 1868 1576 de
1886 1527 1933 1574 to·

344 1631 346 1636 ·
449 1604 566 1670 domnio
579 1601 707 1694 juraret
720 1606 752 1670 in
767 1602 891 1694 persone
908 1607 1046 1693 proprie,
1071 1599 1104 1670 ds
1126 1597 1262 1692 quidem
1278 1595 1362 1667 sione
1384 1597 1557 1670 humiliter
1570 1625 1669 1672 torono
1682 1605 1784 1690 indite
1798 1601 1933 1690 [etthei
1960 1594 1973 1608 ⁸

452 1693 604 1769 sedente:
635 1693 714 1769 focis
732 1721 815 1790 ergo
831 1698 991 1792 mojorem
1009 1693 1237 1767 diffituitttem
1254 1695 1307 1764 bie
1330 1701 1460 1765 conditio
1474 1699 1616 1786 persone,
1641 1699 1864 1795 ejusdemque
1880 1703 1933 1770 do·

450 1801 554 1884 plicis,
581 1821 701 1890 nempe
712 1801 821 1886 judicis
836 1802 926 1876 iiiii,
955 1799 1006 1864 tui
1021 1795 1169 1886 juratur,
1195 1793 1227 1864 de
1250 1793 1396 1884 Episcopi,
1420 1797 1477 1886 qui
1493 1794 1594 1886 jorot.
1613 1797 1669 1868 Ob
1690 1799 1836 1892 primum
1854 1819 1939 1868 tono·

454 1892 616 1962 ditionem
634 1893 748 1965 sittuit
770 1903 850 1965 Cen.
874 1921 929 1964 22.
949 1896 1063 1964 XXII.
1078 1917 1109 1982 q.
1129 1917 1181 1972 t„
1207 1913 1307 1986 quent
1328 1893 1511 1961 Gratianus
1531 1891 1684 1964 Concilio
1703 1895 1865 1980 libentionis
1878 1895 1938 1966 sri-

451 1985 544 2070 buit,
568 2015 756 2087 qumquem
773 1995 806 2062 in
824 1991 916 2063 nullo
931 2009 1048 2062 eorum
1065 1987 1101 2058 stt
1116 2011 1289 2083 repertus,
1316 2010 1354 2058 ut
1368 1988 1478 2058 nullut
1492 2016 1530 2060 ex
1544 1993 1732 2078 etsiefiolis'eo
1745 1993 1936 2066 ordineeui·

327 2149 333 2168 „
452 2110 554 2182 quom
572 2088 655 2160 luico
671 2089 853 2186 quidquem
873 2090 962 2181 [opst
986 2086 1205 2179 sesso-fiendo
1228 2091 1402 2178 Evangelio
1417 2089 1524 2177 insons
1542 2093 1715 2180 prosternet,
1742 2089 1801 2182 sed
1823 2091 1932 2184 supsi-

451 2191 529 2255 es'ses
543 2197 779 2272 conveniente,
807 2192 842 2264 (d
863 2194 1000 2280 petitote
1016 2190 1119 2256 diest:
1144 2186 1203 2276 est,
1229 2185 1291 2268 est:
1315 2209 1390 2264 non,
1416 2209 1485 2254 non.
1513 2185 1568 2258 Ob
1591 2193 1748 2276 secondom
1766 2211 1850 2259 tero
1866 2213 1932 2258 eon·

452 2285 598 2355 ditionem
623 2283 782 2356 rarissime
804 2287 866 2356 hot
890 2281 988 2356 societ
1013 2283 1187 2375 Epistopess:
1217 2305 1292 2350 nom
1317 2279 1420 2375 oiiqui
1442 2284 1673 2379 impediuntur
1688 2311 1705 2354 t
1721 2285 1929 2380 juramento,

452 2387 531 2476 quia
547 2381 620 2454 sunt
635 2389 757 2474 meionis
769 2389 949 2475 dignitatis,
975 2405 1094 2474 quom,
1121 2379 1211 2474 quod
1225 2401 1283 2448 eoo
1298 2379 1411 2472 jurore
1427 2380 1561 2464 decent,
1587 2385 1697 2478 inquit
1717 2391 1749 2456 S.
1769 2387 1876 2456 Teon.
1894 2385 1938 2456 ιε’

320 2567 322 2572 Ι
455 2505 487 2548 2.
504 2479 616 2574 quaess.
636 2495 692 2567 89.
706 2504 768 2550 ort.
789 2481 897 2553 10.nd
917 2505 946 2572 3.
965 2478 996 2548 dr
1014 2477 1094 2550 ibid.
1112 2481 1144 2546 in
1165 2485 1218 2566 Θ.
1238 2483 1337 2546 Aiiod
1351 2499 1454 2548 eotstn
1470 2481 1512 2570 ess
1529 2483 1774 2561 consistendum
1789 2507 1828 2553 ete
1841 2501 1936 2576 porto-

451 2577 600 2657 isonsinis,
626 2583 708 2669 enjus
725 2583 835 2648 didam
846 2584 1019 2668 juramento
1042 2577 1259 2667 coinfirmatur:
1287 2599 1345 2642 non
1364 2582 1443 2644 enim
1457 2583 1571 2672 indiget
1592 2585 1703 2650 didone
1717 2583 1848 2652 bominis
1866 2603 1944 2652 soon.

447 2673 642 2766 firmatione,
668 2677 739 2765 nist,
766 2681 836 2768 qnia
852 2681 889 2748 ds
903 2700 935 2747 eo
953 2677 1131 2746 dubitetur:
1155 2677 1209 2744 boc
1221 2691 1323 2742 sotem
1340 2676 1464 2766 deroget
1479 2679 1624 2768 dignitati
1644 2675 1787 2768 persone,
1819 2679 1931 2750 etde·

450 2771 567 2853 iitetnt
586 2777 623 2844 de
637 2782 773 2845 venitote
790 2800 909 2855 sonum,
932 2799 994 2867 que
1008 2777 1105 2843 dicit:
1133 2774 1167 2848 id
1184 2776 1250 2841 ideo
1269 2774 1400 2865 personis
1415 2795 1542 2866 mogo-r
1558 2774 1730 2867 dignitatis
1745 2800 1805 2848 non
1819 2798 1936 2849 tom·

452 2876 501 2939 nit
512 2874 639 2960 innare:
662 2877 877 2965 propterquod
898 2876 1010 2943 disitos
1033 2877 1078 2942 tt.
1097 2896 1128 2961 q.
1150 2896 1183 2952 5.
1201 2892 1264 2962 top.
1288 2872 1399 2965 Siquis
1423 2872 1623 2966 Presbyter,
1653 2877 1733 2965 qood
1751 2879 1932 2947 Seeetdttot

450 2992 491 3037 ex
505 2974 569 3041 sevi
588 2972 677 3051 stole
689 2976 797 3063 jonate
820 2996 878 3043 mn
904 2974 1023 3041 debent.
1074 2973 1153 3065 Quo
1178 2989 1288 3039 tutem
1308 2970 1417 3039 torius
1435 2991 1518 3040 serto
1539 2976 1671 3063 quedem
1692 2976 1868 3043 indecentes
1882 2994 1932 3045 m

453 3062 590 3148 fierent,
615 3068 692 3138 ideo
707 3067 895 3139 introdusit
911 3066 982 3138 sunt
997 3078 1156 3153 reservato
1182 3070 1325 3161 Pepesio,
1348 3088 1386 3135 ut
1404 3090 1496 3162 potet
1517 3071 1550 3137 in
1567 3064 1812 3163 dispensatione
1828 3064 1932 3165 snper

450 3166 573 3257 possitis
594 3169 886 3257 irregularitatiittt,
918 3165 950 3235 dt
971 3170 1187 3257 impedimentis
1210 3169 1413 3245 matrimonii,
1437 3168 1517 3236 item
1533 3170 1566 3235 in
1580 3170 1758 3260 psosositote
1772 3168 1938 3257 benefitio·-

331 3292 340 3312 ι·
450 3258 809 3343 tnmrestdentinsium,
838 3263 1313 3355 desrenstntsnefptssspsron.
1364 3261 1631 3345 cirtensibus
1655 3261 1930 3337 reservetumes·

452 3354 517 3439 set,
550 3357 650 3429 breve
672 3357 742 3454 post
767 3382 898 3455 tempus
920 3358 1074 3454 Episcopi
1096 3362 1193 3451 peffisn
1217 3359 1386 3451 jurarent,
1419 3364 1518 3431 etium
1540 3386 1639 3433 eonem
1654 3368 1757 3443 seinis,
1784 3386 1943 3459 propter.

451 3456 615 3551 plurimo,
642 3482 715 3551 quae
730 3458 818 3554 opud
835 3454 922 3571 ipsos
949 3454 1119 3553 Episcopit
1142 3454 1284 3535 instent,
1317 3460 1463 3547 negotio.
1511 3458 1679 3531 Custodiri
1694 3482 1806 3531 tutem
1821 3460 1941 3537 noluit·

452 3561 604 3626 Honorius
625 3554 709 3626 istud
724 3581 789 3627 non
805 3582 822 3627 o
837 3556 913 3628 solis
934 3553 1106 3652 Episcopit
1122 3560 1207 3625 testie
1219 3559 1352 3637 vicinis,
1380 3555 1433 3624 sed
1450 3558 1654 3641 titionibus,
1682 3558 1723 3627 td
1747 3578 1830 3655 quot
1845 3554 1929 3629 stri·

450 3650 531 3745 psit,
558 3677 678 3748 nempe
694 3658 796 3725 totius
816 3660 997 3726 Occidentis.
1014 3658 1123 3724 Num.
1143 3660 1174 3723 6.
1202 3658 1239 3721 sn
1256 3656 1460 3723 tesnsotisriisss
1477 3652 1546 3748 ipso
1560 3652 1757 3737 difficultis,
1781 3656 1928 3727 kunnum

451 3770 516 3845 pro
538 3749 687 3821 habendo
712 3752 844 3823 iicenrin
862 3752 1077 3831 recurrendi,
1111 3746 1236 3821 snvebit
1256 3754 1384 3821 intento
1406 3756 1519 3845 Popae,
1547 3754 1638 3847 qnod
1660 3777 1748 3833 etot,
1778 3774 1814 3823 ost
1834 3772 1930 3847 quau
1965 3828 1975 3839 ‚

451 3850 594 3941 totiffime
611 3854 696 3939 juret
721 3851 901 3943 Episcopost
930 3848 1010 3921 sicut
1034 3843 1227 3928 difficultas,
1259 3872 1359 3943 quom
1384 3845 1466 3921 sttit
1481 3854 1514 3919 in
1541 3850 1637 3921 simisi
1658 3858 1800 3921 testeo.
1815 3848 1942 3925 nubi-¹

450 3942 541 4114 silosae
558 3949 593 4015 de
616 3948 674 4019 neb.
694 3947 793 4040 ettkfi
809 3972 867 4019 nnn
883 3954 973 4022 eiien.
989 3948 1048 4021 int.
1065 3970 1170 4031 tom,
1195 3944 1348 4043 prodest,
1379 3970 1421 4020 ne
1437 3972 1490 4019 res
1506 3948 1725 4023 Ecclesstrum
1744 3970 1813 4021 tom
1829 3944 1943 4025 sotiie·

450 4065 647 4126 otenetttttt.

626 4264 682 4331 50.
710 4240 748 4310 C.
772 4240 924 4313 Veto-Es
936 4256 1022 4311 rtet
1038 4240 1070 4310 in
1088 4242 1152 4311 ten.
1171 4262 1226 4307 ει.
1243 4238 1358 4309 XXII.
1375 4262 1406 4330 q.
1425 4263 1459 4319 5.
1478 4232 1608 4320 scribit,
1633 4236 1812 4311 tltnsuitm
1829 4238 1941 4315 titos·

450 4330 509 4416 stt,
532 4338 589 4427 nist
601 4338 724 4431 hocfiet
743 4338 931 4409 sttbotitete
955 4342 1057 4427 Papa,
1084 4336 1199 4432 sapere
1215 4336 1315 4425 frises
1337 4339 1526 4419 decretalem
1572 4334 1662 4410 tsine
1685 4338 1749 4438 b*
1776 4344 1930 4431 verum?

450 4430 496 4503 D.
512 4436 595 4505 Non
610 4436 730 4508 video:
762 4432 846 4505 nibil
862 4436 951 4505 enim
968 4431 1015 4505 est
1032 4434 1073 4505 de
1085 4435 1149 4505 hor
1171 4430 1338 4503 reservato
1360 4436 1393 4503 in
1413 4435 1598 4527 (ssppnfisitie
1620 4440 1766 4509 dessetnii
1790 4442 1928 4511 cornelii

449 4532 565 4624 tspae:
590 4533 655 4602 Sed
675 4530 805 4615 Glossn,
839 4556 901 4629 pet
929 4538 1113 4604 (sotionem
1135 4531 1291 4625 decepto,
1323 4530 1444 4625 adjecit
1463 4532 1546 4603 htnc
1572 4531 1770 4618 cinusuitm,
1803 4524 1844 4607 u?
1863 4532 1927 4607 soi-

449 4649 544 4707 tetet
562 4625 732 4706 difficilem
753 4655 912 4708 cononem
932 4658 965 4716 7·
988 4630 1038 4705 ts.
1061 4654 1091 4727 q.
1106 4654 1159 4715 5.,
1188 4626 1267 4703 ficut
1287 4630 1410 4727 probos
1431 4632 1503 4706 eino
1523 4629 1688 4727 tlltgttio.
1737 4632 1929 4806 lsieLoost·

1795 4754 1884 4809 'nien
1897 4754 1927 4807 tt
