4784 5550
995 569 1604 744 „presentatio
1730 579 1736 590 '

1222 805 1253 894 a.
1302 799 1436 879 xctt.

448 931 515 1017 (a)
698 937 809 1010 Primo
833 934 949 1010 secula
973 937 1164 1035 deprfirienis
1193 937 1228 1010 dt
1260 921 1487 1032 degradationis
1508 936 1672 1012 vocabulo
1693 925 1883 1034 proinil'cue
1910 959 2074 1018 utuntur.

394 1033 534 1080 πω·
585 1034 730 1132 Qtidem
748 1039 837 1107 enim
852 1061 995 1109 canones
1012 1038 1171 1108 clericum
1186 1036 1444 1108 condemnatum
1459 1039 1641 1132 degradari,
1663 1041 1784 1132 privari
1799 1040 1836 1114 [d
1848 1039 1886 1108 ab
1904 1037 1998 1126 efficio
2009 1037 2072 1130 [reo

324 1167 351 1234 Ι·
393 1095 732 1259 ffiffitrennveri
760 1143 939 1208 GONGIL.
968 1142 1355 1208 CARTHAGINENS.
1381 1144 1449 1212 IV.
1469 1162 1536 1210 cer.
1558 1155 1617 1214 et.
1637 1163 1694 1222 ⁴9·
1710 1163 1769 1218 50·
1793 1135 1850 1206 alii
1871 1145 1992 1207 omnine
2012 1141 2078 1242 de·⁸

393 1275 541 1326 commu.
578 1239 666 1326 poni,
692 1237 807 1303 omnino
824 1239 989 1329 depropria
1006 1239 1107 1326 gredo
1122 1238 1227 1324 dejici,
1269 1237 1406 1304 hordine
1429 1239 1500 1304 cleti
1519 1240 1659 1307 amoveri
1685 1239 1868 1306 CONCIL.
1892 1239 2059 1306 Antio·

391 1341 546 1412 niolaiea.
580 1339 716 1426 GHEM
741 1357 807 1403 cen.
830 1359 863 1411 5.
892 1339 1100 1402 EPHESIN.
1124 1357 1188 1402 cen.
1274 1339 1564 1406 ARELATENS.
1586 1339 1616 1406 1.
1641 1357 1709 1406 cen.
1736 1359 1749 1400 t
1758 1357 1790 1420 3.
1815 1331 1849 1402 δι
1873 1329 1917 1402 ad
1932 1355 2053 1404 camme·

577 1436 694 1499 nionen
710 1434 817 1500 leirene
835 1433 935 1500 rederi
949 1428 1076 1523 jubent.
1128 1431 1294 1524 Equidem
1317 1433 1510 1501 communio
1527 1430 1609 1502 laice
1627 1432 1659 1500 in
1677 1430 1762 1500 laico
1778 1453 1844 1500 non
1861 1451 1935 1502 erat
1953 1453 2047 1526 pane,

576 1524 632 1598 sed
648 1525 849 1597 beneficium
864 1530 1062 1597 maximum:
1089 1529 1123 1598 in
1139 1528 1262 1598 clerico
1279 1551 1388 1597 autem
1406 1553 1471 1598 una
1484 1527 1526 1601 de
1543 1525 1738 1620 graviilimia
1751 1529 1863 1622 poenit
1882 1549 1956 1600 erat
1972 1531 2046 1612 rede·

448 1665 457 1684 ,
575 1631 633 1696 iiio
647 1629 689 1694 ed
701 1630 931 1695 conreconirnern
944 1632 1108 1706 laicorum,
1136 1650 1197 1719 pet
1213 1641 1312 1721 qu'am
1329 1623 1490 1718 potestate
1502 1623 1604 1698 officii
1620 1624 1667 1697 sui
1687 1623 1720 1696 dt
1747 1627 1910 1718 dignitate
1926 1625 2046 1702 clerice·

576 1718 602 1793 li
619 1725 756 1794 omnino
772 1721 1006 1818 privabantur,
1034 1723 1123 1795 dead
1138 1722 1255 1794 ilatum
1272 1723 1305 1794 dt
1327 1721 1509 1819 fimpltcem
1533 1723 1760 1797 conditionem
1782 1723 1945 1798 laieorum
1961 1721 2044 1794 reda·

427 1833 450 1880 „¹
575 1821 734 1893 eebamur
747 1825 812 1892 ren.
836 1848 847 1891 r
856 1847 889 1910 3.
907 1823 976 1909 dist.
995 1848 1014 1904 5
1020 1846 1128 1903 rcere.
1139 1849 1196 1904 5²·
1212 1822 1278 1909 dili.
1289 1848 1347 1904 ro.
1370 1825 1433 1903 ita,
1460 1846 1497 1892 ut
1513 1817 1653 1917 sepafito
1670 1821 1868 1918 privilegio,
1894 1821 1983 1915 quod
2000 1845 2042 1891 en·

575 1941 629 1990 tea
645 1918 710 1987 illis
729 1916 960 2015 competebat,
986 1944 1073 1990 nunc
1092 1919 1334 2014 pertineantad
1352 1917 1465 1991 forum
1487 1918 1640 1993 seculare
1660 1924 1694 1991 in
1713 1916 1807 1991 coust
1830 1921 1922 1992 civili
1938 1919 1969 1992 dt
1990 1923 2042 1992 cri·

574 2016 692 2088 minali
708 2014 773 2088 stne
787 2017 853 2088 ulle
874 2013 931 2114 spe
947 2015 1091 2088 amissam
1108 2016 1281 2089 stationem
1295 2020 1417 2089 iterum
1434 2021 1667 2115 recuperandi.
1703 2022 1742 2088 ln
1758 2042 1827 2114 quo
1843 2015 2040 2112 distinguitur

575 2116 647 2186 haec
660 2117 852 2185 communio
864 2113 947 2186 laica
962 2116 1167 2209 aperegtina
1181 2113 1198 2211 (
1203 2114 1274 2210 sup.
1293 2121 1329 2201 §0
1350 2121 1423 2206 84.)
1438 2142 1514 2188 cum
1529 2113 1588 2188 illa
1602 2115 1765 2189 retinebat
1780 2117 1940 2188 clericum
1956 2141 1988 2187 tn
1999 2139 2042 2186 ot·

576 2213 655 2284 dine
668 2212 767 2294 cleti,
782 2213 861 2284 laica
876 2238 957 2284 vero
969 2213 1064 2287 illum
1079 2214 1120 2285 ab
1135 2238 1176 2286 eo
1190 2215 1310 2286 ordine
1325 2212 1512 2312 depellebat
1523 2217 1623 2291 etiam
1637 2209 1772 2313 perella
1782 2211 2041 2313 poenitentianul·

575 2310 704 2384 latenus
719 2307 970 2386 restituendum.

614 2441 852 2507 BINGHAM.
873 2441 925 2507 lor.
939 2447 988 2507 cit.
1005 2462 1069 2528 top.
1086 2445 1114 2510 1.
1135 2451 1162 2520 §.
1176 2443 1207 2510 ό.
1227 2442 1266 2510 Ε
1281 2462 1345 2529 cop.
1362 2445 1409 2513 11.

976 2711 998 2750 ι
1048 2603 1052 2610 “
1192 2621 1226 2723 a.
1277 2623 1433 2699 xc111.

387 2752 485 2855 Roene
501 2755 565 2822 ele·
693 2763 776 2834 Hae
793 2760 867 2835 sane
884 2787 979 2858 penna
1000 2784 1072 2832 erat
1090 2759 1289 2834 clericorum
1314 2755 1497 2854 greviffima
1514 2783 1524 2843 3
1558 2784 1633 2855 quae
1654 2759 1743 2831 enim
1767 2757 1888 2834 delille
1911 2765 1945 2839 in
1962 2761 2043 2837 laicit

387 2854 527 2937 ¹¹⁰⁰'P'fl
578 2864 940 2945 excommunicatione,
972 2887 1008 2931 ea
1030 2865 1062 2930 in
1085 2860 1213 2931 clericis
1230 2860 1399 2932 ordinarie
1419 2857 1623 2955 depositione
1646 2860 1896 2935 coercebantur.
1945 2868 2043 2937 CON·

386 2920 531 3067 {Tffl‘
577 2964 661 3029 CIL.
680 2964 890 3031 EPHESIN.
909 2986 976 3031 ran.
994 2974 1025 3030 ό.
1045 2958 1078 3029 dt
1094 2959 1127 3028 id
1144 2959 1281 3054 quidem
1302 2958 1396 3038 ideo,
1428 2958 1519 3052 quod
1542 2983 1607 3027 non
1628 2958 1742 3030 deceat
1758 2982 1819 3029 nec
1837 2964 1990 3061 expediet
2007 2959 2045 3033 ab

572 3055 664 3127 idern
690 3081 866 3153 peccatum
894 3055 1019 3153 duplici
1044 3082 1140 3151 prena
1164 3058 1311 3153 aliquem
1331 3055 1505 3129 mulilate.
1558 3061 1672 3153 Qate
1695 3060 1728 3125 in
1754 3065 1863 3132 CAN.
1888 3068 2046 3135 APOST.

573 3179 630 3240 ²4·
652 3179 785 3226 cautum
813 3154 881 3226 eil:
925 3158 1068 3247 episcopus
1091 3177 1147 3226 eur
1167 3160 1315 3249 presbyter
1332 3158 1551 3235 condiaconos
1572 3162 1602 3225 in
1617 3156 1820 3248 fornicatione
1842 3182 1900 3231 arec
1922 3166 2047 3253 perierit

570 3273 626 3321 eret
648 3254 737 3343 furto
765 3257 960 3347 deprehensos
980 3258 1152 3345 deponitor,
1190 3280 1247 3324 non
1268 3276 1368 3323 remen
1389 3280 1408 3322 a
1430 3260 1631 3323 tonrmunione
1656 3258 1846 3325 excludirer!
1881 3264 1958 3330 dicit
1974 3268 2047 3331 enirn

569 3349 740 3442 scripture:
767 3354 811 3420 lns
829 3356 865 3421 de
886 3357 987 3421 eodem
1007 3356 1113 3420 delicio
1136 3355 1307 3421 vindiciam
1328 3377 1385 3420 non
1405 3356 1515 3444 exiges.
1564 3357 1657 3420 Tum
1683 3358 1830 3443 primum
1853 3354 2048 3452 depofitioni

570 3442 749 3518 formalem
766 3451 1142 3520 excommunicationem
1160 3447 1292 3519 ecclefia
1314 3446 1457 3529 addidit,
1492 3448 1525 3518 d
1545 3447 1701 3545 depofitis
1719 3449 1824 3545 ipsam
1841 3462 2047 3529 communio·

569 3569 647 3615 nem
664 3546 780 3617 laicam
804 3550 958 3639 negavit,
996 3545 1017 3616 fi
1047 3550 1212 3617 atrociora
1235 3545 1394 3618 subelienr
1422 3549 1581 3629 crimina,
1615 3551 1706 3644 iique
1728 3552 1760 3617 in
1783 3558 1993 3625 contumacia
2015 3553 2047 3627 dt

570 3646 692 3713 mentis
713 3643 933 3717 obstinatione
953 3641 1171 3739 perfillerent.
1196 3654 1305 3715 CAN·
1329 3650 1491 3715 APOST.
1519 3671 1575 3734 27.
1602 3659 1658 3724 28·
1685 3654 1866 3723 CONCIL·
1890 3658 2048 3725 SARDI·

572 3746 698 3812 GENS.
722 3766 787 3811 een.
814 3772 840 3817 ι.
865 3772 897 3814 2.
949 3749 1025 3838 Qta
1047 3746 1174 3814 ratione
1195 3750 1336 3815 Axius
1358 3742 1507 3812 &multi
1531 3745 1585 3812 alii
1605 3742 1827 3817 banebarcltae
1850 3774 1918 3819 non
1939 3752 2049 3837 mittut

567 3836 778 4005 gwlhsemoe
797 3841 833 3917 ,dt
857 3842 1228 3931 excommunicatione,
1267 3865 1368 3936 quem
1398 3838 1584 3935 dejeblione
1607 3841 1648 3914 dc
1671 3841 1810 3915 honoris
1833 3847 1942 3940 gradu
1965 3848 2047 3921 eml-

603 3957 645 4004 att
680 3959 749 4005 unt.

607 4066 658 4129 Ad
675 4066 901 4149 intelligendos
915 4067 1020 4150 plures
1036 4071 1184 4150 antiquos
1199 4089 1337 4132 canones
1351 4071 1628 4133 animadvertenda
1645 4071 1697 4134 hic
1711 4070 1755 4133 est
1771 4073 1940 4153 peculiaria
1952 4076 2047 4141 nolio

682 4153 901 4213 remunereris
918 4152 1107 4235 ecclefialliroe
1122 4153 1490 4215 &excommunicarentur
1514 4154 1720 4248 erclefioiiicoe,
1748 4167 1785 4216 ut
1801 4156 1927 4221 clericis
1947 4158 2047 4241 adpli-

682 4244 774 4296 catae.
819 4232 932 4296 Clerici
952 4236 1034 4295 enim
1057 4238 1327 4297 excommunicati
1345 4237 1546 4307 dicebantur,
1570 4236 1762 4317 upotestate
1779 4242 1950 4305 exercendi
1973 4242 2048 4305 iun-

682 4315 801 4379 dlionis
823 4315 884 4377 suae
902 4314 1008 4378 officia
1023 4315 1120 4379 ellent
1138 4320 1229 4379 exuti
1245 4316 1278 4379 dc
1295 4318 1368 4381 talia
1388 4319 1682 4381 excommunicatio
1703 4340 1769 4383 nem
1788 4320 1906 4401 semper
1929 4328 2047 4405 argue·

681 4398 754 4470 bat,
772 4400 859 4479 quod
873 4399 961 4461 omni
979 4398 1104 4479 prorsus
1118 4403 1344 4462 communione
1362 4401 1502 4463 ecclesiae
1517 4398 1615 4463 essent
1632 4405 1811 4471 exturbati.
1837 4402 1888 4465 sed
1905 4406 2045 4470 clerico·

681 4498 750 4540 rum
767 4490 889 4551 tantum
906 4482 1142 4543 communione.
1185 4480 1397 4545 BALSAM.
1419 4485 1452 4543 in
1466 4502 1529 4546 ean.
1546 4486 1593 4547 16.
1610 4484 1717 4549 (ororii.
1734 4487 1848 4548 Nicen.
1864 4484 2044 4556 Zothre.

679 4561 712 4620 in
728 4580 793 4625 cart.
809 4565 897 4626 eund.
942 4561 985 4625 Et
1001 4565 1043 4626 ita
1065 4564 1245 4643 explicandi
1261 4563 1329 4627 sunt
1347 4564 1513 4629 CANON.
1529 4565 1687 4634 APOST.
1705 4586 1754 4650 42.
1774 4587 1824 4650 55,
1840 4568 1892 4650 56.
1909 4568 2047 4637 BING·

681 4642 799 4710 HArll.
816 4645 867 4711 lor.
885 4648 934 4712 cit.
953 4664 1016 4729 cap·
1035 4644 1060 4710 I·
1080 4648 1106 4725 l·
1119 4664 1145 4713 1·
1157 4663 1186 4709 2·
1197 4664 1227 4726 3·
1246 4664 1310 4731 ΜΡ·
1326 4646 1371 4713 H‘
1385 4650 1411 4732 l·
1425 4647 1456 4714 ό·
1855 4737 1878 4833 5
1919 4738 2036 4813 XCIV
