4784 5550
660 622 732 699 DE
777 621 1693 718 uuruauunrloutuus{juncturarum
1831 625 1909 724 '4'25

432 826 487 889 qo.
511 798 582 870 imo
610 823 692 874 100.
716 819 879 868 annorum
904 792 970 868 stne
994 794 1259 869 contradislione
1285 794 1320 869 dt
1349 785 1732 892 acquiescentia‘oollunt
1749 799 1913 895 ope'retur-

432 895 615 978 effectum,
652 898 751 967 etiam
775 889 974 990 polselsronis
999 895 1054 988 e).
1119 894 1237 991 Qtid?
1262 895 1351 989 quod
1376 896 1556 969 earundem
1578 895 1705 970 exeslio
1727 919 1768 968 ex
1789 891 1909 968 frusti-

432 995 492 1067 bus
511 997 545 1064 in
562 995 684 1064 minori
700 994 883 1087 quantitate
903 994 1051 1087 primum
1070 992 1229 1088 plantaria
1243 992 1408 1086 quandam
1429 992 1681 1066 inhumanitatis
1700 993 1742 1065 -dc
1761 994 1909 1084 avaritie
2021 1007 2024 1012 '

432 1115 543 1163 notum
565 1115 634 1186 pre
660 1087 693 1161 se
714 1086 819 1161 ferret
854 1084 906 1181 f).
965 1090 1066 1159 Unde
1091 1089 1295 1161 consuetodo
1319 1112 1376 1160 aut
1397 1088 1603 1187 prescriptio
1623 1095 1658 1163 in
1686 1087 1761 1162 casu
1786 1113 1909 1186 oeque·

432 1189 693 1287 quemallegari
714 1184 838 1281 potest,
864 1209 940 1257 cum
965 1211 1030 1258 noo
1048 1184 1174 1259 suerint
1195 1184 1359 1260 seminate
1381 1191 1415 1257 in
1429 1212 1467 1258 ea
1483 1192 1688 1282 quantitate,
1713 1209 1751 1260 ut
1770 1182 1910 1269 bonelle
1961 1255 1967 1264 ,
2067 1199 2075 1210 “

432 1286 603 1385 potuerint
627 1287 803 1364 decimari,
829 1308 890 1354 nec
910 1307 951 1354 eo
974 1282 1096 1367 modo,
1122 1311 1189 1378 quo
1210 1280 1339 1354 frullus
1354 1285 1433 1355 alias
1455 1285 1667 1358 decimabiles
1683 1283 1905 1376 seminantu53

432 1383 484 1457 sed
510 1382 724 1452 'udicandum
749 1381 792 1452 de
814 1384 854 1451 iis
876 1383 958 1462 erit,
983 1379 1073 1476 quali
1097 1378 1213 1474 srugea
1239 1381 1306 1452 illae
1331 1406 1501 1477 nunquam
1524 1408 1565 1457 eo
1583 1385 1616 1454 in
1642 1383 1718 1454 loco
1739 1379 1907 1456 seminate

432 1408 589 1563 suillium
623 1478 711 1550 unde
735 1477 975 1551 recurrendum
1000 1481 1064 1551 erit
1084 1479 1132 1549 vel
1157 1480 1199 1549 ad
1223 1476 1496 1553 consuetudinem
1520 1483 1708 1552 vicinorum
1732 1477 1906 1562 locorum.

432 1578 481 1652 rel
503 1579 544 1648 ad
565 1576 618 1672 jus
641 1599 820 1648 commune
836 1575 896 1666 g),
921 1597 1062 1673 eamque
1080 1573 1268 1648 dollrioam
1295 1581 1495 1648 Esruurr
1517 1579 1552 1648 in
1572 1575 1753 1673 judicando
1771 1577 1909 1673 adopta·

432 1679 474 1752 rit
499 1679 641 1747 Caruere
662 1673 853 1768 Imperialia
869 1679 900 1743 in
919 1676 1007 1763 ceule
1035 1680 1292 1745 cornmunitetam
1313 1676 1523 1768 &asserebatis
1542 1679 1577 1753 (d
1597 1674 1781 1764 mappula>
1800 1696 1908 1746 cenete
2030 1699 2033 1704 ·

432 1781 498 1852 Van
523 1780 641 1865 Hagen.
717 1769 849 1866 Quibus
872 1794 977 1865 porro
1001 1797 1067 1844 non
1092 1775 1263 1842 immerito
1287 1771 1530 1866 adllipulacur,
1568 1769 1684 1869 quodsi
1710 1774 1908 1844 Decimatot·

432 1871 536 1944 llatim
557 1869 596 1941 ab
620 1869 719 1939 initio
737 1868 951 1965 plantationis
973 1872 1128 1941 Decimus
1148 1866 1330 1961 exegisset,
1370 1870 1443 1966 plna
1464 1872 1654 1966 impendii,
1690 1893 1791 1965 quam
1814 1891 1908 1941 com·

432 1967 545 2066 pendii
567 1962 749 2046 habuissem
774 1968 842 2035 imo
865 1965 1025 2060 plantatio
1047 1966 1212 2058 ejusmodi
1241 1962 1378 2056 frugum
1402 1961 1512 2038 forsan
1539 1968 1637 2063 plene
1666 1963 1776 2039 suisset
1801 1969 1906 2040 inter·

432 2061 532 2139 nisse.
580 2069 696 2137 Taceo
720 2065 754 2134 in
778 2060 918 2133 arbitrio
940 2064 1137 2135 colonorum
1161 2064 1240 2134 eliae
1263 2060 1366 2144 sore,
1403 2062 1583 2137 secundum
1605 2067 1783 2161 proprium
1804 2061 1907 2138 bene·

432 2163 608 2264 placitum,
633 2159 656 2233 li
678 2186 743 2233 non
765 2182 959 2232 tenerentur
979 2161 1020 2232 de
1039 2160 1263 2256 qualicunque
1278 2155 1399 2234 trouu
1417 2162 1452 2232 in
1475 2156 1581 2234 fundo
1596 2160 1784 2235 decimabili
1807 2160 1904 2256 plan·

432 2285 496 2335 :eto
524 2263 682 2332 Decimae
705 2257 856 2339 solvere,
888 2260 1136 2331 Decimatorem
1160 2260 1430 2338 circumvenire,
1461 2258 1553 2355 quod
1580 2283 1646 2331 non
1675 2260 1766 2333 uenit
1790 2260 1903 2340 dicen-3

432 2359 505 2434 ium
535 2358 587 2450 h).
638 2361 717 2428 Nec
733 2378 987 2438 commemoro,
1010 2357 1137 2451 requiri
1164 2355 1218 2426 hic
1241 2353 1510 2427 consuetudinem
1533 2353 1731 2451 policinum,
1754 2382 1822 2429 non
1841 2353 1905 2428 sol·

432 2455 526 2530 rendi
550 2453 730 2536 Decimae,
756 2450 1078 2524 stabilitamaslibus
1104 2449 1280 2547 positivis,
1304 2452 1532 2524 eveillonibua
1559 2454 1714 2528 videlicet
1743 2453 1777 2527 dc
1801 2452 1903 2527 colle·

432 2551 593 2628 ilionibuo
613 2550 775 2648 publicio,
800 2549 900 2619 nullia
916 2552 1051 2623 interim
1068 2547 1182 2622 solutis
1204 2552 1352 2621 Decimio
1371 2576 1390 2621 a
1407 2554 1622 2624 Decimarore
1643 2554 1776 2649 petitia,
1802 2577 1821 2623 e
1841 2551 1904 2625 dei

432 2650 585 2726 :intendit
611 2671 722 2719 antem
746 2647 941 2739 denegetis,
974 2650 1188 2719 Decimatore
1214 2643 1337 2726 scilicet
1356 2645 1578 2720 Ecclefieslico
1597 2650 1733 2723 interim
1757 2671 1821 2746 per
1839 2671 1902 2738 40.

432 2774 530 2839 runos
552 2742 777 2845 requiescente
796 2767 834 2815 cr
860 2766 934 2819 ante
955 2743 1070 2829 diurn
1099 2741 1140 2817 src
1163 2746 1253 2815 enim
1269 2747 1438 2839 exemptio
1460 2744 1494 2817 dc
1515 2745 1567 2838 jus
1590 2773 1656 2819 non
1673 2745 1820 2821 solvendi
1834 2751 1903 2820 De·

432 2848 527 2921 cimas
547 2869 608 2917 ceu
637 2843 691 2939 jur
720 2845 910 2935 negativum
932 2845 1118 2939 requiritur
1141 2864 1257 2911 contra
1284 2838 1459 2912 Ecclesiam
1488 2841 1533 2912 ob
1560 2840 1723 2915 lesionem
1756 2845 1789 2917 dt
1814 2844 1901 2940 juria

432 2941 672 3019 extinlliooern.
725 2942 787 3011 Sed
814 2966 922 3011 nonne
945 2964 1044 3011 omne
1060 2939 1110 3031 jus
1130 2963 1192 3034 per
1209 2936 1314 3009 solum
1332 2962 1398 3007 non
1414 2933 1510 3009 usum
1528 2940 1635 3010 amitti
1655 2938 1780 3036 potell,
1804 2942 1904 3015 adeo·

432 3066 494 3141 qne
515 3038 550 3112 dc'
568 3041 623 3136 jus
646 3038 831 3110 decimandi
855 3040 889 3108 in
913 3040 977 3109 hoc
999 3037 1049 3109 vel
1075 3036 1134 3107 illo
1160 3032 1285 3118 sundo,
1313 3036 1346 3105 in
1365 3035 1418 3107 his
1440 3035 1494 3108 vel
1512 3036 1577 3107 illis
1598 3033 1772 3110 fructibus
1782 3037 1825 3110 ob
1841 3062 1899 3122 neq

432 3138 619 3233 eligendam
644 3137 922 3208 Decimatorum?
947 3134 1138 3230 Respondet
1158 3137 1203 3210 D.
1228 3136 1281 3203 De
1303 3136 1500 3205 cernon
1526 3137 1577 3223 i),
1598 3135 1754 3232 prout&
1777 3159 1842 3230 ego
1865 3144 1901 3232 ᾗ.

432 3238 494 3319 x..
533 3237 708 3327 negative,
735 3237 824 3323 idque
849 3234 975 3324 effecere
999 3237 1108 3321 salsum
1133 3233 1210 3322 effe-3
1234 3233 1287 3321 {ed
1309 3237 1422 3322 requiei
1447 3238 1619 3323 copulative
1639 3238 1903 3311 contraditionem

434 3334 755 3426 &acquiescentium
785 3330 834 3400 uti
852 3331 990 3401 -dlllom
1011 3327 1065 3420 k).
1122 3330 1214 3423 Qaln
1238 3350 1348 3398 tamen
1371 3332 1536 3424 completo
1561 3326 1901 3429 sorson'praescriptio

435 3426 472 3504 de
494 3429 603 3528 specie
624 3430 666 3501 ad
690 3426 833 3527 speciem
849 3427 981 3503 extendi
996 3426 1141 3512 valeret,
1167 3422 1329 3522 siquidem
1344 3447 1411 3497 non
1427 3427 1505 3523 plue
1520 3427 1771 3527 prescriptum,
1796 3453 1900 3526 quern

1778 3522 1901 3627 polles·

460 3708 493 3771 e)
525 3694 751 3781 sumamma.
774 3693 898 3761 Dissert.
921 3694 961 3758 de
980 3693 1046 3768 Jnr.
1068 3692 1191 3758 Decim.
1211 3691 1302 3757 univ.
1326 3694 1355 3774 §.
1378 3711 1428 3777 13.
1450 3692 1533 3780 apud
1551 3694 1604 3763 Du
1622 3695 1787 3772 crinea.

467 3814 501 3897 ἴ)
523 3814 975 3883 Laudat.VA1cEsnuuloe.
999 3815 1053 3878 cit.
1076 3812 1111 3878 C.
1131 3830 1163 3879 2.
1187 3811 1227 3873 de
1250 3810 1373 3881 Decim·

469 3935 506 4017 g)
526 3933 591 4002 eit.
610 3932 693 4001 Vnu
716 3931 831 3996 Earum
858 3934 922 4000 loc.
941 3933 995 3998 cit.

467 4049 506 4133 h)
528 4051 604 4118 vid.
628 4054 673 4120 ue
699 4050 893 4133 &lmstsdle
910 4051 1246 4150 zcomoedleonunn.
1265 4053 1289 4133 ς.
1312 4065 1363 4115 11.

468 4166 496 4248 i>
518 4166 570 4229 Du
596 4164 748 4229 Cunnum
773 4186 803 4248 p.
827 4186 875 4232 12.
899 4177 956 4233 att.
977 4188 1009 4251 3.
1034 4169 1068 4251 ὃ.
1087 4186 1138 4234 22.
1161 4165 1195 4231 dc
1212 4177 1263 4241 28.

466 4280 504 4363 k)
535 4281 684 4347 Renum.
708 4303 738 4364 q.
766 4303 815 4364 14.
847 4283 888 4348 N.
911 4304 942 4364 3.
984 4282 1096 4348 Cnnv.
1122 4285 1207 4351 cons.
1238 4296 1310 4369 253.
1331 4282 1372 4351 N.
1397 4284 1448 4361 16.
1491 4282 1668 4350 Gonnum.
1690 4281 1794 4365 sicque
1815 4283 1901 4352 decl·
1929 4318 1933 4329 ,

540 4364 607 4428 sum
629 4366 660 4427 in
685 4363 805 4432 Camer.
830 4365 943 4446 Imper.
973 4367 1005 4427 in
1030 4366 1111 4429 caus.
1130 4367 1223 4431 Rdmi
1243 4368 1344 4450 Capit.
1366 4366 1456 4432 Ceth.
1477 4368 1558 4451 Spir.
1582 4377 1685 4428 contr.
1703 4363 1899 4437 Communis.

603 4446 801 4516 Birlenbcch.
836 4448 988 4515 subditor.
1017 4445 1118 4518 solo.
1147 4460 1250 4519 contr.
1281 4455 1323 4518 ll.
1352 4450 1512 4516 Comitem
1538 4446 1637 4513 Solm.
1668 4449 1752 4531 apud
1780 4450 1822 4520 D.
1846 4450 1900 4517 Da

590 4549 703 4596 auen.

473 4644 574 4726 Tum.
601 4644 691 4725 VII.
1283 4648 1324 4719 H
1340 4643 1366 4721 la
1384 4645 1411 4722 lt
