4784 5550
452 653 523 712 120
643 595 1727 704 'aararr‘rtootscutt'stvn

570 835 624 902 ¹4·
650 812 694 882 D.
713 813 838 882 Contra
853 807 897 883 cll
912 809 1047 888 demuto
1064 835 1097 900 9.
1125 809 1297 882 Heoricus
1312 805 1615 906 all'eilatritaliquid
1629 807 1789 882 ordinate
1803 807 1848 882 de
1859 809 1924 904 ipss

445 911 570 1004 juditiis
593 909 807 998 eniefiastisis:
832 911 877 979 ait
897 911 1004 980 enim:
1038 911 1071 979 io
1094 907 1189 980 causa
1211 931 1427 1003 quacunque,
1452 905 1516 978 stre
1538 909 1706 988 criminali,
1728 901 1796 978 sire
1818 911 1927 984 ciuilis

451 1005 606 1104 profcilo
629 1008 749 1078 Clerici
777 1032 842 1078 oon
866 1030 966 1098 agunt
989 1011 1158 1077 criminales
1185 1003 1296 1076 causas
1324 1031 1437 1076 coram
1454 1005 1620 1100 judicibus
1641 1005 1848 1092 secularibus,
1872 1001 1927 1078 sed

451 1132 566 1178 coram
586 1105 802 1194 eccleisfiiris:
831 1129 913 1195 ergo
934 1103 1170 1174 determinavit
1190 1107 1395 1199 Imperator,
1420 1104 1512 1200 quod
1525 1106 1643 1194 jndices
1660 1103 1845 1192 estlefiassiri
1861 1127 1945 1176 noos

451 1205 691 1300 presumerent
707 1204 838 1292 exigere
854 1203 1081 1296 juramentum
1099 1224 1115 1269 a
1132 1203 1282 1272 Clericis.
1313 1201 1375 1272 Sed
1390 1203 1453 1272 hoc
1469 1224 1540 1271 eret
1554 1197 1741 1274 abusivum:
1760 1223 1855 1292 ergo.
1884 1205 1924 1276 C.

451 1299 657 1397 Responderi
684 1301 790 1398 potell
816 1305 869 1386 r.)
888 1298 1014 1370 Seculo
1037 1301 1093 1368 xl.
1115 1298 1346 1368 omnimodum
1363 1299 1429 1388 sari
1447 1305 1592 1370 clericalis
1608 1297 1825 1394 privilegium
1848 1321 1925 1370 ooo·

453 1401 532 1470 dum
550 1396 693 1470 foilleia
715 1399 811 1468 claris
828 1399 1000 1476 terminis,
1028 1393 1301 1480 crebrescentia,
1323 1397 1427 1468 donec
1451 1394 1584 1467 eandem
1607 1393 1758 1468 Cleruso
1776 1399 1925 1468 friderica

310 1511 313 1518 '
453 1505 501 1570 ΙΙ.
527 1503 609 1590 lmp.
629 1497 812 1565 obtinuerit
829 1489 1047 1588 plenillimum
1062 1496 1283 1588 exemptionis
1297 1493 1350 1586 jus
1371 1497 1404 1563 io
1420 1493 1522 1564 Auth.
1541 1499 1710 1566 Stareirnsss
1733 1495 1772 1563 C.
1788 1493 1832 1564 de
1851 1495 1927 1590 Epi·

452 1591 541 1689 scop.
576 1599 667 1662 Nam
689 1615 783 1662 antea
805 1591 862 1661 sub
881 1597 1051 1674 Marciana
1069 1614 1198 1686 poterat
1214 1592 1315 1661 laicus
1332 1591 1424 1661 aslor
1438 1593 1614 1662 conuenite
1631 1591 1818 1672 Clericum,
1845 1615 1925 1688 pte·

452 1700 548 1762 terita
567 1687 754 1786 Episcopnli
777 1690 961 1769 audientia,
986 1713 1098 1760 cutam
1117 1684 1277 1761 Profedlo
1298 1688 1457 1786 pretoria
1479 1691 1501 1760 l.
1521 1715 1577 1768 ar.
1594 1695 1688 1781 prins.
1711 1699 1745 1758 C.
1761 1691 1850 1761 esa,-
1871 1685 1927 1760 suh

342 1837 345 1848 -
451 1793 628 1890 justiniana
650 1791 776 1856 crimen
796 1788 917 1858 Clerici
940 1787 1178 1878 esclefiastitnrn,
1212 1813 1241 1856 e.
1266 1811 1296 1878 g.
1329 1783 1505 1872 Sithonia,
1537 1781 1785 1858 examinabatur
1815 1809 1928 1860 coram

452 1885 637 1983 Episcopo,
661 1890 753 1956 esurie
768 1908 897 1965 autem,
922 1908 949 1955 e.
968 1907 999 1974 g.
1021 1883 1260 1964 homicidium,
1285 1883 1421 1980 praestde
1436 1888 1544 1966 civili,
1568 1883 1602 1954 id
1625 1879 1690 1964 esl,
1713 1880 1862 1954 seculari
1876 1887 1927 1978 ja-

454 1989 539 2055 dise:
564 1983 667 2052 Auth.
688 1983 832 2058 Clericus,
882 1985 920 2053 C.
945 1982 1018 2052 eod.
1041 1979 1120 2052 stcus
1137 1981 1318 2052 hodienum
1334 1979 1537 2078 proibeatur
1554 1982 1588 2052 in
1605 1981 1734 2054 Gallia:
1759 1983 1874 2080 itaque
1891 2005 1929 2054 ex

452 2077 623 2179 ptaediilis
639 2078 747 2150 verbis
767 2083 888 2150 Hearisi
903 2105 968 2150 oon
983 2077 1147 2176 sequitur,
1174 2079 1265 2175 quod
1283 2079 1408 2174 aliquid
1423 2105 1475 2174 pra
1486 2085 1609 2170 inditiis
1621 2079 1822 2168 ecclesiasticis
1838 2079 1930 2150 ordi·-

386 2193 388 2202 '
452 2183 601 2260 naverit;
629 2179 707 2272 quia
724 2177 846 2250 Clerici
862 2179 894 2246 in
913 2177 1074 2248 criminali
1092 2174 1185 2248 causa
1203 2201 1243 2248 eo
1260 2200 1414 2272 tempore
1430 2179 1539 2248 adhuc
1555 2174 1640 2274 sepe
1654 2175 1874 2249 trahebantur
1888 2175 1930 2250 ed

450 2276 580 2373 judiees
596 2271 783 2356 seculares,
810 2276 863 2345 cui
882 2276 968 2344 malo
986 2273 1084 2344 hinem
1101 2271 1179 2345 fecit
1198 2281 1366 2344 fridericus
1384 2277 1454 2360 lh,
1476 2298 1514 2345 ut
1528 2275 1606 2346 diri.
1657 2297 1685 2364 lp
1702 2279 1758 2362 2.)
1775 2279 1930 2348 Poterant

451 2399 553 2462 tunc,
582 2368 712 2469 poliunt
728 2375 827 2440 etiam
844 2397 946 2452 nunc,
972 2373 1092 2441 Clerici
1116 2373 1217 2442 laicos
1235 2372 1413 2466 aliquando
1429 2371 1578 2445 accusare
1600 2377 1800 2444 criminaliter
1817 2377 1930 2446 coram

452 2469 619 2568 judicibus
639 2467 864 2548 secularibus,
891 2492 927 2538 ut
942 2492 1021 2563 puta
1037 2469 1086 2538 his
1105 2471 1138 2537 in
1156 2467 1295 2544 casibus.
1325 2469 1381 2541 ubi
1404 2496 1470 2542 nota
1492 2472 1703 2544 incurrerent
1721 2475 1932 2566 irregulariu-

327 2635 330 2642 .
451 2593 532 2650 rein,
557 2563 680 2638 etiamst
700 2571 838 2636 uindiiia
852 2569 986 2658 pellica,
1012 2589 1041 2637 e.
1059 2590 1091 2657 g.
1104 2563 1227 2637 mulila
1244 2563 1377 2648 fiscalis,
1402 2567 1589 2639 eonfilcatio
1606 2569 1791 2654 bonorum,
1815 2567 1931 2642 renel

454 2665 649 2758 degradatio
669 2662 708 2732 ab
729 2662 931 2745 honoribus,
955 2657 1108 2743 infamia,
1134 2663 1273 2735 reclusio
1295 2667 1327 2734 io
1350 2665 1489 2738 domum
1513 2663 1779 2763 disciplinantur,
1802 2661 1931 2766 expoli-

453 2767 503 2837 tio
522 2765 560 2833 ad
575 2761 791 2843 nummellns,
817 2763 995 2853 relegatio,
1013 2760 1180 2833 damnatio
1201 2763 1241 2833 ed
1270 2788 1356 2858 opus
1378 2763 1567 2860 publicum,
1593 2763 1645 2838 vel
1663 2766 1839 2849 triremes,
1864 2788 1931 2839 ear·

451 2888 528 2945 eet,
553 2854 741 2951 fulligatio,
766 2860 920 2932 accusatis
939 2861 1125 2941 adveniret,
1153 2860 1276 2931 dumne
1299 2867 1516 2957 perveniatur
1530 2862 1571 2931 ad
1594 2884 1719 2933 naerens
1739 2868 1933 2949 naturalem,

449 2960 648 3051 velmemlri
671 2964 904 3029 oscillationem.
964 2979 992 3043 tp
1013 2956 1069 3051 3.)
1098 2964 1136 3027 ln
1162 2959 1222 3031 hac
1245 2956 1479 3032 constitutione
1503 2959 1719 3031 includuntur
1739 2964 1935 3059 quicunque

449 3058 635 3139 Monachi,
662 3054 726 3127 five
749 3055 893 3148 religiosi
905 3105 913 3136 ,
939 3056 1063 3127 etiamst
1082 3082 1146 3127 non
1163 3054 1223 3129 lint
1238 3059 1379 3129 Clerici:
1407 3082 1435 3131 e.
1451 3082 1484 3151 g.
1502 3058 1632 3129 Milites
1645 3059 1728 3129 olim
1749 3064 1934 3157 Templarii,

387 3214 391 3220 .
449 3158 553 3229 hodie
572 3160 605 3228 S.
621 3156 761 3251 joannis
787 3159 987 3241 Mirantes,
1007 3153 1038 3223 dt
1062 3156 1261 3247 Hpspiralarii
1285 3156 1326 3228 de
1348 3157 1475 3249 inclyto
1499 3154 1617 3227 ordine
1637 3160 1829 3243 teutonico;
1851 3160 1936 3253 quin

450 3254 485 3325 dt
506 3258 646 3322 snnlieres
665 3252 825 3341 religiose:
851 3248 908 3319 ille
928 3246 1074 3343 personae
1097 3276 1161 3321 non
1186 3252 1309 3324 habent
1337 3280 1473 3339 curere,
1498 3252 1763 3328 sainte-’rutulam
1781 3252 1935 3331 accustu-

451 3352 517 3436 do,
545 3344 766 3431 tellificando,
789 3346 985 3443 judicando,
1014 3348 1046 3417 io
1065 3348 1158 3419 cause
1175 3347 1354 3441 sanguinis.

571 3570 626 3633 ις.
651 3548 696 3615 D.
724 3543 884 3631 instauror
910 3544 1081 3615 Heoticus
1103 3542 1269 3616 ordinavit
1287 3570 1351 3641 pro
1372 3542 1515 3629 casibus,
1540 3544 1597 3618 ubi
1625 3548 1779 3629 ciuiliter,
1802 3544 1856 3617 rel
1871 3552 1934 3621 sss·

449 3650 605 3717 nniasliser
629 3646 886 3713 convenirentur
908 3641 1029 3711 Clerici
1056 3665 1091 3713 sss
1119 3648 1190 3714 sei:
1216 3668 1299 3737 ergo
1323 3668 1390 3714 noo
1413 3643 1471 3715 ubi
1496 3648 1768 3717 convenirentur
1789 3650 1935 3721 necares.

449 3741 658 3815 Antecedeos
679 3738 719 3809 fic
738 3743 841 3833 prais:
865 3739 1032 3810 ordinavit
1047 3764 1111 3835 pro
1125 3738 1268 3823 cahbus,
1292 3740 1349 3813 ubi
1366 3743 1488 3815 Clerici
1501 3743 1644 3814 habeant
1658 3742 1850 3831 defensante
1875 3740 1936 3817 sed

449 3861 571 3913 tanturn
596 3844 638 3907 rei
656 3862 796 3931 proprie
826 3836 982 3908 dicuntur
1008 3838 1130 3909 habere
1153 3840 1341 3929 defensores:
1366 3864 1461 3933 ergo.
1514 3844 1541 3911 C
1579 3842 1659 3911 Hoc
1681 3840 1773 3911 solvo
1792 3864 1830 3911 en
1846 3866 1936 3915 nora

447 3934 699 4013 coollitutiohe,
721 3939 754 4003 in
770 3958 834 4026 qua
853 3938 1023 4006 Henricus
1045 3940 1149 4007 utitur
1167 3936 1287 4009 serbo:
1309 3940 1503 4019 Adussaris,
1520 3962 1604 4030 quos
1620 3936 1813 4021 tamallor,
1830 3962 1935 4035 quam

448 4060 545 4117 reus,
571 4031 681 4104 habet.
718 4032 832 4121 ‘Unde
853 4035 947 4123 gleffe
968 4034 1024 4104 laic
1046 4032 1085 4103 ad
1107 4032 1264 4107 verbum:
1292 4036 1492 4131 defensoribus
1507 4036 1665 4130 intelligit
1680 4040 1836 4129 spadices,
1855 4044 1936 4111 ade·

449 4159 516 4218 res,
542 4132 817 4229 &protensiorem
843 4128 920 4203 licet
935 4129 1062 4205 diuersa
1083 4129 1143 4204 stat
1157 4134 1304 4208 nomina.

569 4335 624 4404 16.
654 4331 697 4398 D.
727 4334 846 4421 Oppono
864 4352 895 4415 3.
939 4330 1115 4401 Honorius
1141 4328 1196 4401 hic
1222 4326 1349 4402 recesst
1371 4354 1389 4401 a
1419 4324 1554 4415 serore,
1588 4327 1728 4405 clericis
1750 4356 1813 4429 per
1838 4330 1935 4425 legas

450 4420 602 4522 questo:
628 4414 786 4517 etgo‘hac
805 4423 860 4495 sua
876 4424 1031 4496 decretali
1050 4426 1135 4498 male
1152 4426 1317 4500 consuluit
1332 4428 1444 4501 Clero.
1480 4434 1675 4501 Antesedens
1692 4434 1793 4523 prsis,
1832 4434 1936 4507 Mna.

449 4526 563 4594 cianus
589 4523 696 4593 noluit
716 4549 846 4616 nnanns
869 4523 1018 4594 Clericus
1040 4525 1175 4619 jurare,
1207 4525 1383 4598 Honorius
1410 4532 1590 4621 aliqnando,
1613 4528 1787 4612 uidelicet,
1818 4530 1845 4615 fi
1869 4534 1935 4617 eis,

448 4617 579 4712 consulis
604 4624 731 4694 Periere
744 4628 815 4714 lna,
839 4628 886 4695 ira
906 4624 1086 4697 videlisset
1109 4646 1203 4718 erge,
1261 4628 1298 4699 C.
1325 4622 1487 4705 deshont.
1538 4630 1727 4723 Nunquam
1749 4624 1856 4721 noluit
1877 4652 1936 4700 naa·

1835 4728 1936 4802 lentes
