4784 5550
449 633 520 718 „a
891 611 1472 695 nisssurntto

389 863 394 878 ,
449 791 602 872 nioribus
618 812 812 886 nunquam,
843 785 903 860 nisi
920 781 1030 860 forsan
1048 785 1208 878 analogia
1224 785 1258 859 ἀ
1273 789 1369 858 nude
1386 788 1618 884 explicationis
1640 793 1828 890 majorisve
1841 817 1908 868 enei

449 889 637 993 giaecausa,
662 887 1078 983 cogitatumcomminilci.
1128 889 1301 980 Siquidem
1320 883 1439 959 sufficit
1461 885 1642 986 spiritualis
1665 895 1812 990 qualitas
1834 897 1908 966 exii

451 995 622 1066 slitutione
635 993 728 1086 Juris
744 988 880 1058 humani
895 985 1014 1056 iisdem
1034 979 1146 1054 allecto
1166 986 1200 1056 dt
1217 989 1249 1054 in
1264 1009 1305 1056 eo
1318 983 1510 1068 consislens,
1535 991 1626 1086 quod
1643 992 1721 1063 ideo
1737 1015 1756 1061 a
1772 995 1858 1088 Jure
1867 991 1908 1089 ips

450 1089 626 1169 inllitutar,
653 1085 885 1158 &adinvenere
903 1085 1067 1180 primario
1085 1077 1232 1164 suerint,
1258 1106 1294 1154 ut
1307 1107 1345 1154 er
1362 1085 1403 1153 iis
1418 1086 1536 1158 cultus
1555 1089 1705 1172 divinus,
1733 1089 1908 1161 Ecclefiel

450 1183 600 1263 Mitrislri
624 1181 855 1262 sustententur.
907 1185 997 1251 Hinc
1021 1183 1172 1272 quamvis
1195 1181 1268 1252 aliis
1290 1185 1494 1279 quandoque
1517 1191 1734 1260 commodum
1764 1187 1908 1282 personas

449 1310 567 1360 esrum
586 1283 745 1354 utilitates
766 1281 797 1350 dr
821 1275 950 1352 sruslua
971 1279 1179 1375 percipiendi
1202 1280 1304 1352 lindie
1323 1283 1422 1353 etiam
1440 1307 1664 1382 perpetuum,
1696 1285 1820 1384 liaeffin
1839 1288 1908 1358 bert

452 1385 512 1457 des
529 1378 776 1461 transitorium,
803 1378 835 1450 dc
852 1401 929 1450 curn
951 1373 1074 1448 effeslu
1090 1377 1323 1449 vindicationis
1339 1381 1429 1450 utilia
1447 1381 1527 1452 alitia
1543 1387 1692 1456 Domino
1710 1387 1908 1478 competenti

451 1479 669 1576 eonjunslum
687 1477 853 1548 indultum
877 1472 1001 1558 suerit,
1027 1475 1084 1545 illa
1101 1498 1210 1547 tamen
1233 1475 1407 1550 dellinatio
1422 1484 1516 1576 Jutis
1540 1480 1638 1566 facit,
1661 1507 1716 1564 ut,
1743 1487 1778 1554 in
1802 1485 1908 1578 quibui

451 1602 585 1674 cunque
606 1577 741 1649 demum
759 1574 909 1645 manibus
926 1571 1041 1644 exislat
1055 1573 1274 1645 commoditas
1292 1573 1368 1658 illa,
1393 1581 1585 1674 proprietas
1607 1605 1768 1676 tanquam
1787 1577 1908 1677 spitinii

452 1679 494 1750 lia
519 1673 670 1748 Ecclesia
694 1671 824 1744 addiila
846 1695 1032 1754 remanent,
1067 1695 1126 1742 nee
1152 1669 1210 1744 isla
1229 1671 1403 1746 destinatio
1431 1699 1589 1768 tanquam
1608 1681 1702 1776 Juria
1722 1675 1908 1775 dispositiqr

454 1777 621 1850 inhaerens
642 1767 731 1843 fasta
748 1772 893 1842 bominis
910 1767 1052 1840 abllrabi
1068 1769 1099 1840 dc
1117 1765 1262 1868 separati
1282 1769 1379 1868 possit
1397 1797 1455 1846 aut
1469 1772 1579 1849 soleat.
1628 1779 1705 1849 Hac
1720 1780 1808 1848 inre
1824 1768 1908 1848 differ

456 1879 519 1972 Jus
539 1874 601 1943 hoe
618 1867 783 1941 diteilum
803 1871 1017 1940 Decimatum
1037 1867 1077 1936 ab
1093 1866 1165 1938 aliis
1185 1867 1324 1962 Jutibus
1349 1871 1498 1945 derebus
1517 1873 1666 1948 Ecclelioe
1679 1877 1908 1972 temporalibus

454 1977 530 2042 Has
546 1973 634 2042 enim
653 1966 732 2040 sicut
749 1969 924 2039 bominum
942 1966 1044 2035 libera
1062 1965 1213 2037 uoluntas
1234 1968 1273 2037 ad
1292 1967 1374 2039 siries
1387 1973 1552 2061 ejusmodi
1571 1969 1762 2067 spirituales
1777 1972 1903 2068 deputat

453 2073 500 2144 ita
517 2071 691 2140 hominum
707 2091 843 2162 quoque
861 2061 1092 2160 dispositione,
1119 2067 1263 2156 Legibus
1281 2091 1391 2137 tamen
1412 2068 1639 2142 Ecclefialitcis
1660 2067 1848 2148 consorini,
1870 2067 1908 2139 sin

457 2167 577 2240 debitis
596 2165 845 2238 solennitatibus
869 2160 1000 2245 vestita,
1034 2164 1144 2233 omnis
1167 2165 1222 2233 illa
1243 2160 1457 2258 spiritualitas
1474 2193 1568 2240 mere
1589 2166 1774 2241 extrinseca
1796 2165 1908 2238 ablltts

458 2265 641 2362 penitus&
663 2263 831 2334 immutari
853 2265 990 2356 poterit.
1044 2265 1127 2354 Qiae
1146 2287 1227 2330 reto
1245 2267 1392 2333 Decimis
1411 2263 1513 2348 incll,
1536 2267 1613 2338 licet
1629 2293 1724 2363 eque
1740 2263 1908 2344 extrinseca,

458 2363 695 2460 spiritualitas,
728 2385 765 2430 ex
786 2357 997 2454 dispostione
1021 2381 1129 2428 tamen
1144 2364 1237 2455 Jutis
1259 2361 1385 2432 Publici
1402 2361 1611 2437 Ecclesiastici
1634 2391 1731 2461 aeque
1749 2391 1785 2435 ac
1806 2359 1908 2460 prosus

458 2459 559 2542 inesl,
586 2463 639 2529 cui
655 2455 740 2528 sn'tla
755 2461 962 2552 privatorum
980 2481 1045 2524 noti
1061 2459 1264 2550 prevalent,
1296 2485 1356 2531 nee
1374 2461 1546 2554 derogant.
1597 2467 1768 2535 Caeterum
1788 2463 1908 2556 quaintii

459 2553 664 2654 dispositioni
683 2559 781 2645 Legis
797 2554 937 2650 publice
954 2551 1147 2648 polletiutis
1163 2555 1272 2626 eidem
1286 2558 1468 2652 derogandi
1487 2548 1628 2653 poteslas
1649 2587 1716 2632 non
1737 2564 1908 2652 denegant

458 2681 518 2728 nec
536 2653 592 2724 illa
611 2677 719 2724 tamen
737 2647 1051 2746 derngnte'voluilse
1071 2653 1298 2745 praesumitur,
1325 2657 1380 2726 ubi
1406 2659 1438 2726 id
1463 2654 1585 2729 diserte
1607 2687 1672 2729 non
1701 2662 1868 2754 exprimit,
1886 2651 1908 2722 d

460 2755 501 2826 ad
530 2753 601 2849 ejus
634 2754 853 2828 intentionem
883 2749 915 2825 ἃ
942 2748 1079 2849 scopum
1109 2753 1372 2827 exhauriendum
1400 2753 1506 2830 solum
1536 2762 1598 2855 Jus
1627 2759 1711 2831 illud
1741 2759 1821 2831 utile
1840 2756 1908 2855 pleni

458 2850 591 2928 sufficit·

1053 2987 1081 3075 ς.
1132 2982 1333 3057 xxxiv.

577 3156 688 3248 Exigit
706 3154 770 3225 lioc
793 3153 881 3227 idem
901 3157 1039 3226 omnino
1061 3158 1198 3252 aequitas
1217 3153 1400 3226 Nobilibus
1422 3153 1586 3249 ejusmodi
1608 3155 1825 3229 Eccleiiotom
1840 3160 1908 3227 liena

464 3254 602 3338 ficietis,
627 3278 683 3324 aut
698 3255 965 3324 Decimatotibus
982 3260 1145 3325 extrancis
1164 3255 1419 3347 quibuscunque
1438 3260 1529 3325 omni
1545 3258 1626 3349 Jurc
1640 3258 1764 3331 debita.
1814 3244 1908 3327 Adnil

463 3354 499 3428 su
514 3352 613 3425 semel
633 3350 863 3433 antecedente,
891 3352 981 3445 quod
1006 3376 1044 3421 ex
1066 3350 1178 3422 l'olidis
1199 3358 1337 3422 omuino
1362 3348 1585 3424 'tundamentis
1606 3357 1703 3425 latius
1729 3378 1821 3425 antea
1841 3347 1908 3423 deli

463 3452 556 3525 flunt
575 3446 660 3532 fuit,
685 3448 774 3544 quod
794 3447 923 3521 sruslus
938 3451 1146 3531 Decimales,
1174 3476 1256 3545 qiins
1275 3448 1333 3543 ipsi
1348 3455 1556 3546 percipiunt,
1582 3450 1713 3523 sruilus
1733 3479 1772 3524 eii
1796 3450 1859 3549 ipsa
1876 3450 1908 3517 sc

465 3548 560 3624 clefia
583 3548 673 3619 illius
695 3546 861 3618 dillrislus
890 3549 1072 3619 Parncbiali
1095 3554 1127 3618 in
1157 3550 1293 3619 eosdem
1313 3552 1569 3643 provenientes,
1602 3551 1748 3645 indeque
1766 3546 1902 3621 oneribus

463 3672 538 3743 quae
554 3648 632 3716 alios
649 3652 737 3737 Lege
755 3644 973 3717 Ecclesiastico
994 3650 1115 3717 intuitu
1133 3648 1282 3739 ejusdem
1302 3644 1448 3717 Eccleliae
1465 3672 1588 3721 annexa
1603 3646 1695 3729 sunt,
1722 3648 1853 3719 obnoxii
1865 3662 1908 3715 tan

465 3747 529 3817 seri
548 3743 708 3823 debeant3
737 3743 948 3816 necessatium
966 3768 1100 3839 quoque
1120 3744 1164 3815 est
1185 3742 1410 3838 consequens,
1436 3745 1528 3839 qood
1547 3752 1609 3843 Jus
1624 3748 1810 3819 eorundem
1825 3741 1908 3817 endu

466 3840 584 3915 favore
599 3843 763 3911 munitum
779 3841 841 3913 elle
864 3865 1037 3938 oporteat,
1064 3869 1131 3936 quo
1148 3847 1313 3912 munitum
1334 3838 1435 3921 esset,
1467 3840 1487 3913 si
1515 3868 1615 3938 penes
1642 3844 1819 3915 Ecclefiain
1838 3834 1908 3937 ipsal

466 3934 677 4014 remanfillet.
730 3941 856 4032 Regula
873 3940 1027 4011 videlicet
1042 3942 1104 4022 cll,
1127 3942 1236 4033 quod,
1262 3943 1319 4035 qui
1340 3938 1436 4011 sentit
1449 3966 1551 4021 onus,
1577 3938 1697 4013 sentire
1715 3946 1816 4012 etiam
1829 3938 1908 4010 debet

466 4035 694 4111 commodum.
745 4041 855 4132 Quam
873 4041 993 4109 durum
1011 4063 1046 4109 ac
1069 4034 1202 4109 difficile
1226 4044 1258 4109 in
1278 4036 1400 4108 casbus
1419 4038 1618 4134 quandoque
1637 4038 1708 4136 poll
1729 4040 1854 4137 pluries
1869 4052 1908 4106 etl

466 4162 560 4212 tenos
577 4138 654 4209 binc
671 4134 749 4205 inde
767 4162 869 4207 annos
884 4134 1138 4209 obvenientibus
1155 4138 1304 4207 accidere
1331 4133 1430 4207 soleat
1449 4138 1738 4219 Decimatotibus,
1770 4123 1908 4209 velidi·

466 4236 592 4308 bricam
615 4230 764 4305 Ecclesia
785 4232 1053 4318 restaurandam,
1090 4236 1138 4307 vcl
1165 4238 1204 4306 ad
1226 4259 1407 4325 congruam
1429 4233 1593 4305 blinilltis
1617 4260 1681 4332 pto
1703 4234 1801 4306 ausla
1828 4228 1908 4329 popu¹

468 4334 682 4406 multitudine
694 4330 877 4403 necessariis
895 4332 1130 4429 supplendam,
1158 4333 1372 4425 autaliquem
1392 4332 1433 4403 de
1451 4330 1505 4403 sua
1524 4334 1668 4405 utilitate
1682 4357 1815 4427 partein
1836 4332 1908 4401 deca

471 4438 525 4528 pi,
552 4457 605 4501 aut
621 4430 772 4525 pluribus
787 4430 899 4502 saitem
919 4436 1010 4501 arinis
1027 4436 1153 4523 integra
1171 4432 1320 4529 ejusdem
1343 4433 1558 4525 perceptione
1577 4455 1692 4504 carere
1712 4430 1853 4511 debere,
1874 4450 1906 4497 ve

472 4533 522 4601 bis
550 4532 713 4624 explicare
738 4528 1015 4628 superuacaneum
1041 4532 1177 4623 prorsus
1195 4528 1276 4611 elle,
1313 4530 1453 4625 quilibet
1475 4530 1621 4623 prudens
1645 4528 1861 4626 perspeslum
1880 4546 1908 4621 pc

467 4625 664 4723 suasumquc
680 4626 737 4701 sibi
761 4629 912 4713 babebit,
940 4627 972 4700 dt
995 4631 1188 4726 quotidiana
1210 4631 1413 4727 experientia
1439 4625 1598 4718 testatur,
1626 4628 1748 4701 docent
1770 4629 1803 4702 dt
1825 4624 1906 4723 ipsii

1828 4719 1908 4799 Duil
