4784 5550
391 615 521 698 -354
681 671 687 682 ,
900 537 1482 666 υἰεεεκτΑτιο

450 773 512 872 sabi
527 763 688 850 addisdis,
709 762 743 838 id
762 705 853 864 quod
868 763 1024 866 Episcopi
1044 768 1181 867 quidem
1201 767 1376 862 indignum
1390 764 1601 862 judicarunt,
1633 762 1805 862 impedire
1826 783 1913 840 tame

477 873 586 947 enisus
607 863 696 946 baud
722 887 918 962 potuerunt.
967 865 1127 940 Tellante
1149 867 1302 940 Concilio
1321 860 1485 938 Meldcnss
1510 871 1576 936 An.
1601 863 1833 944 occcxtv.
1854 865 1913 938 sele

449 897 548 1046 stato
563 969 611 1060 s).
660 967 733 1034 lmo
749 960 806 1033 ubi
823 965 856 1034 in
875 963 1033 1037 Ecclestss
1051 966 1260 1038 Parochiules
1283 990 1338 1037 eas
1361 985 1557 1043 steterunt,
1582 959 1688 1034 tussis
1710 967 1808 1062 pagis
1831 961 1913 1036 dcet

451 1063 619 1144 crescente
633 1055 760 1133 familis
779 1057 855 1146 sua,
881 1086 955 1160 quas
973 1059 1175 1159 potissmum
1191 1087 1230 1134 et
1245 1059 1372 1134 tossicis
1391 1059 1519 1133 servilia
1537 1063 1740 1132 conditionis
1758 1057 1913 1134 cunslabat

448 1165 590 1241 easdem
611 1162 829 1232 Decimarum
849 1165 1070 1233 retentionem
1088 1157 1251 1253 affignatia
1274 1161 1347 1231 aliis
1365 1156 1524 1232 Minislru
1542 1182 1561 1229 a
1579 1157 1612 1232 se
1627 1161 1803 1232 nominato
1821 1159 1913 1232 sediti

447 1260 786 1337 bus'continttaruut,
813 1255 846 1328 dt
871 1261 956 1354 Jure
978 1260 1191 1331 hereditatio
1216 1262 1251 1330 in
1269 1255 1419 1356 polleros
1440 1253 1515 1328 suos
1537 1254 1810 1338 transmiserunt,
1840 1255 1913 1352 quos

449 1359 505 1434 vel
522 1381 573 1430 tot
591 1351 808 1428 Decimcrttm
824 1354 1029 1428 allodialium
1049 1357 1200 1454 exempla
1218 1359 1253 1428 in
1271 1362 1367 1454 pagis
1381 1353 1558 1442 tellantur,
1581 1355 1782 1456 questibus
1797 1355 1913 1430 bodies

374 1493 376 1498 ·
446 1451 652 1541 Nobilibus,
677 1471 736 1527 cut
750 1451 787 1524 lu
802 1475 887 1550 quos
902 1476 957 1528 eas
973 1452 1232 1540 transtulerunt,
1255 1449 1471 1554 poffidentur.

1112 1671 1147 1760 a.
1195 1663 1274 1741 xt.

567 1833 736 1935 Equidem
752 1831 794 1908 de
811 1832 1006 1908 reuocandis
1027 1833 1177 1907 Decimis
1196 1835 1230 1907 dt
1252 1832 1431 1908 reddendis
1448 1831 1546 1930 plura
1565 1831 1600 1904 in
1619 1831 1780 1908 Consiliis
1797 1829 1913 1906 undcti·

448 1957 508 2012 ruo
523 1936 652 2008 Secula
671 1935 703 2006 dt
720 1930 811 2030 seqq.
829 1935 999 2029 praecipue
1014 1930 1072 2003 snb
1091 1937 1313 2006 Vtcuotu
1329 1937 1394 2015 11„
1422 1935 1675 2006 Gttsnottto
1697 1935 1780 2012 vlt.
1798 1933 1831 2004 de
1847 1935 1913 2002 Ut·

408 2109 410 2118 ,
448 2053 576 2112 nesto
598 2035 643 2105 ll.
666 2029 786 2104 babitis
808 2028 982 2102 couslitutc
1003 2025 1090 2104 sunt.
1140 2033 1183 2102 Et
1205 2027 1320 2129 reapse
1341 2031 1523 2103 multarum
1543 2029 1749 2126 ejuscemodi
1768 2023 1913 2128 possessio·

448 2135 562 2206 sicma
581 2129 690 2202 Laicis
706 2125 911 2200 abslulerunt
925 2130 1077 2225 repetitae
1096 2130 1476 2202 excommunicationum
1494 2131 1603 2208 mine.
1654 2129 1913 2224 Frequentesoc·

447 2250 590 2304 currunt
604 2251 646 2300 co
661 2239 814 2323 tempore
830 2223 923 2298 sasire
938 2252 954 2295 a
969 2227 1179 2320 Principibus
1198 2227 1231 2299 dt
1248 2225 1432 2299 Nobilibus
1449 2229 1542 2297 Visis
1558 2229 1620 2324 pie
1641 2225 1854 2308 donationes,
1870 2219 1913 2296 'td

448 2331 552 2404 etism
569 2323 778 2398 venditiones
794 2324 850 2393 vili
869 2326 997 2417 pretio,
1023 2327 1146 2420 quibus
1165 2323 1314 2398 Eccsefiae
1333 2325 1432 2420 hujus
1451 2323 1503 2397 tel
1522 2325 1610 2396 illius
1629 2323 1710 2406 loci,
1737 2321 1914 2421 Episcopis‚

447 2423 615 2522 capitulis
633 2420 665 2493 dt
686 2416 899 2491 Monalleriis
922 2419 964 2492 de
978 2445 1067 2492 noso
1089 2421 1232 2494 conditis
1253 2418 1491 2504 conseruntur,
1521 2445 1558 2495 ut
1580 2417 1681 2493 fidem
1705 2417 1832 2492 faciunt
1851 2419 1910 2490 uni·

446 2520 542 2596 versa
560 2515 778 2589 Ecclesiastico
794 2515 955 2587 tabularia
977 2517 1027 2607 a).
1079 2522 1246 2592 Ceterum
1262 2521 1314 2592 ha
1331 2525 1440 2590 minus
1460 2541 1563 2612 gratu
1583 2517 1758 2616 Episcopis
1775 2513 1913 2598 fueraut,

447 2611 1911 2793 :llsl:.l‘..s.‘.‘¹‘llllsssllsllst'lssss.¹l.lltt..'l:¹.‘.‘ss..³”ssl

447 2812 666 2893 viderentur,
689 2833 884 2881 nontamen
907 2814 966 2893 iis,
997 2812 1118 2907 quibus
1140 2814 1223 2907 Jnre
1242 2814 1361 2886 debitae
1383 2837 1495 2895 erant,
1523 2811 1645 2887 scilicet
1665 2807 1911 2885 Ecclesiisl'sro·

448 2908 614 2986 ehislibus
632 2906 664 2979 dt
682 2908 914 2981 Sacerdotibus
927 2904 1378 3003 spiritualiaminislrantibus
1395 2910 1662 2991 restituebantur.
1694 2915 1814 3007 ltaque
1829 2906 1910 2979 uariis

448 3008 615 3106 synodis,
642 3005 920 3078 &Romanorum
938 3005 1135 3078 Pontificum
1152 3012 1293 3082 decretis
1316 3011 1525 3105 prohibitum
1544 3008 1611 3090 esl,
1647 3034 1689 3079 ne
1708 3009 1796 3079 ullus
1813 3008 1912 3079 Lsitus

447 3111 607 3182 Decimae
622 3101 711 3185 suas,
739 3126 795 3174 aut
810 3105 975 3199 quidquid
998 3104 1207 3178 Ecclestallici
1230 3110 1321 3205 Juris
1341 3106 1404 3191 ess,
1435 3104 1501 3178 stne
1522 3104 1679 3178 consensu
1700 3102 1857 3203 Episcopi
1871 3099 1911 3175 tel

448 3205 593 3279 Romani
615 3196 817 3271 concessione
833 3200 1000 3272 Pontificio
1021 3203 1232 3276 Monalleriis
1246 3230 1302 3276 aut
1317 3208 1491 3276 Canonieis
1506 3201 1631 3276 offerre
1649 3203 1836 3297 presitmst.
1875 3201 1913 3273 ss

448 3295 641 3378 necessitate
662 3294 834 3368 consensus
851 3298 934 3369 lucri
959 3298 1160 3373 occasoncm
1177 3299 1386 3401 sumpserunt
1409 3301 1564 3398 Episcopi
1585 3304 1740 3399 quidam,
1766 3324 1854 3373 certa
1871 3320 1913 3397 pa·

452 3400 558 3477 sunit
575 3392 706 3469 sumtus·
721 3392 779 3468 fibi
799 3393 962 3495 depensa,
994 3398 1086 3471 velut
1106 3398 1305 3479 resarciendi
1327 3401 1438 3473 damni
1455 3402 1588 3487 colore,
1619 3396 1833 3472 Monalieriis
1851 3420 1913 3511 pes·

1858 3516 1913 3569 uttt

495 3666 534 3752 s)
556 3630 631 3727 Ctn.
643 3678 694 3745 75.
716 3659 797 3741 apud
812 3658 996 3726 Hannone.
1014 3657 1110 3724 'som
1124 3658 1181 3728 tv.
1199 3658 1298 3727 Cone.
1317 3682 1348 3745 p.
1365 3682 1454 3747 1499.
1470 3662 1502 3727 in
1520 3666 1647 3731 uerbis:
1669 3664 1710 3730 St·
1726 3676 1830 3731 atatem
1845 3666 1911 3730 Lais

570 3747 704 3827 Capellae
723 3744 904 3833 habuerint,
921 3746 1071 3806 aratione
1086 3741 1125 3807 ss
1143 3745 1329 3809 authoritate
1352 3750 1484 3810 alienum
1497 3746 1641 3827 liabetur,
1661 3760 1697 3815 att
1715 3750 1774 3834 s'pfi
1789 3750 1913 3815 Desine

566 3828 733 3909 ascipiunt,
757 3822 796 3889 sd
808 3825 878 3888 inde
897 3844 981 3888 annes
999 3822 1037 3889 sd
1058 3829 1244 3907 genitiarias
1252 3826 1332 3910 sasas
1347 3829 1481 3911 pascant.

606 3942 703 4019 Quod
720 3940 801 4006 idem
814 3943 845 4005 in
858 3942 980 4007 Concis.
1001 3940 1229 4007 confluentino
1241 3945 1279 4007 de
1301 3947 1361 4007 An.
1376 3940 1614 4013 Decccxxn.
1629 3948 1704 4011 Can.
1715 3953 1748 4033 ς.
1758 3950 1843 4030 spnd
1855 3967 1913 4012 euu

564 4022 897 4193 qqttpmqlastuutnutt
921 4022 1017 4092 Tont.
1033 4026 1088 4093 Vs.
1108 4026 1140 4093 Ρ.
1158 4024 1183 4093 s.
1209 4026 1332 4092 Concil.
1356 4048 1385 4110 p.
1403 4028 1475 4109 561.
1494 4032 1607 4094 iisdem
1634 4032 1727 4114 pssus
1751 4034 1859 4097 verbis
1882 4050 1913 4095 re

493 4230 532 4317 s)
553 4227 666 4294 Causas
680 4226 801 4300 varlas,
820 4242 892 4305 quae
904 4220 1019 4287 Laicos
1032 4224 1064 4288 in
1085 4222 1270 4290 Monssteria
1287 4226 1321 4289 dt
1346 4224 1406 4289 alis
1426 4225 1570 4310 Collegit
1588 4226 1802 4295 Ecclesiaste·
1829 4234 1913 4309 mogi

339 4312 341 4317 ’
472 4378 474 4383 ,
567 4308 701 4375 assessus
723 4306 872 4377 fecerint,
891 4305 1029 4367 recenset
1047 4304 1223 4369 Esuunrus
1248 4308 1313 4381 jur.
1332 4309 1449 4373 Eccles.
1468 4314 1556 4374 univ.
1572 4313 1602 4375 P.
1619 4311 1659 4375 ΙΙ.
1681 4311 1747 4377 Tit.
1769 4314 1913 4379 XXXlll

567 4392 641 4472 Csp.
658 4388 700 4459 V.
745 4394 781 4470 s)
805 4386 983 4469 Discipliuae
1004 4387 1155 4467 regularis
1175 4391 1474 4461 observantiam&
1500 4394 1692 4475 paupertatis
1712 4400 1876 4477 praecipue
1892 4401 1913 4463 ri

567 4492 690 4555 gotero.
732 4472 769 4547 b)
791 4470 983 4533 immortalis
999 4468 1091 4531 ssmae
1108 4490 1148 4531 ex
1162 4472 1373 4535 dotatione&
1391 4472 1577 4537 [undatione
1594 4476 1862 4541 llonsstertorum
1877 4499 1913 4544 su

567 4554 719 4636 cupuudte
738 4552 933 4615 auiditatem.
978 4554 1011 4628 c)
1041 4550 1270 4617 Monachotum
1290 4556 1470 4637 frequentes
1492 4556 1654 4621 instsutiss
1679 4560 1712 4623 dt
1728 4560 1913 4627 sollicitatis

567 4652 635 4700 ner.
679 4636 715 4710 d)
737 4632 966 4715 Suffragioeum
988 4633 1280 4714 participationem,
1304 4639 1419 4723 quaelu
1438 4650 1645 4725 peccatorum
1659 4642 1875 4713 remissionem
1887 4656 1913 4713 el

567 4712 743 4785 fiestisbtus
763 4712 955 4793 offerebant,
975 4714 1239 4801 spondebantque.
