4784 5550
484 561 558 668 'rx
586 588 743 668 nens.
766 584 907 665 tout..
929 585 1334 696 ADORNATo,ET
1354 587 1634 670 taunucus.
1662 593 1729 676 ae.
1776 499 1851 702 ᾧ
1923 605 1926 610 ·
1980 577 1983 582 ’
2052 543 2058 554 ’

430 773 464 846 le
483 769 534 846 eli
548 771 639 869 quod
661 773 826 845 Citholiei
849 767 1110 843 Protesltntibtte
1134 731 1348 868 erpurlliioni
1364 795 1440 846 voc.
1463 777 1610 868 Religiefi
1624 770 1851 874 adstipulantio,

433 923 445 961 ,
470 867 519 942 ali
538 875 572 948 in
594 875 665 964 eius
681 873 792 943 locum
815 868 1080 941 substitutionem
1111 869 1210 940 aliam
1227 869 1424 1038 petentibus
1441 893 1555 944 amore
1577 877 1667 969 pacis
1686 876 1846 952 consenti·

430 994 456 1050 t,
484 969 706 1042 nihilominus
720 992 830 1040 tamen
849 970 990 1039 marimo
1005 989 1081 1038 cum
1097 971 1223 1039 circum
1240 968 1394 1064 peliione
1415 969 1573 1039 inlocum
1592 996 1665 1042 voc.
1681 980 1851 1068 Religiostp

430 1069 476 1138 tie
498 1066 649 1138 mutendi
671 1068 888 1159 religionem,
912 1088 946 1137 et
964 1059 1160 1136 monasterie
1182 1090 1246 1137 vna
1270 1088 1347 1136 cunt
1372 1069 1457 1136 votis
1481 1063 1653 1139 deserendi
1673 1069 1846 1150 libertaea

430 1163 551 1236 holicit
569 1157 645 1237 eller
662 1160 826 1244 concello,
849 1187 921 1235 voc.
944 1162 1136 1251 Ecclefiassiti
1159 1161 1384 1234 lnllrumento
1406 1164 1498 1234 Pacis
1515 1163 1614 1235 inleri
1638 1153 1867 1260 paterentur.¹

430 1261 500 1335 boc¹
516 1260 616 1360 pallo
636 1260 795 1333 adhibitis
817 1264 916 1332 etiam
941 1259 1050 1357 quoad
1068 1258 1214 1355 reliqua,
1239 1258 1293 1332 vbi
1315 1257 1523 1340 diffiderent,
1548 1261 1670 1355 punita
1684 1286 1847 1363 tempera·

430 1361 487 1433 irie
514 1358 686 1433 Articulur
708 1360 750 1430 de
769 1355 1008 1453 compositione
1031 1357 1277 1430 Grautminum
1299 1357 1484 1450 Religionis
1508 1356 1563 1428 die
1586 1365 1629 1450 ἐξ
1647 1365 1765 1433 Martii
1781 1372 1847 1444 Ao.

430 1469 473 1542 ,8.
491 1455 663 1532 esurumis
679 1455 919 1533 Paciscentibus
933 1452 1135 1552 subscriptor
1151 1459 1185 1528 in
1200 1453 1461 1530 instrumentum
1472 1455 1566 1529 Parit
1578 1461 1737 1551 migrauit
1751 1459 1783 1534 ‘.

964 1653 993 1743 i.
1042 1649 1241 1726 xxxvl.

479 1780 617 1881 Quibus
633 1779 814 1880 praemiiis
840 1786 950 1856 oritur
972 1783 1219 1884 praejudicialir
1243 1781 1299 1855 illa
1320 1777 1485 1880 quaestio:
1516 1785 1642 1858 Vtrum
1655 1787 1845 1878 Catholici,

438 1891 666 1980 experiiierrerrr
689 1905 760 1954 voc.
778 1886 920 1977 Religiefi
947 1891 1121 1978 tantopere
1142 1880 1318 1976 urgebant,
1344 1877 1435 1952 suem
1455 1902 1565 1953 tomen
1586 1882 1845 1964 declarationem

430 1981 482 2056 lea
503 2005 618 2054 amore
635 1983 724 2075 pacis
746 2002 881 2052 eatenus
897 2004 964 2052 tem
992 1981 1147 2065 erebant,
1169 2003 1205 2051 tt
1218 1979 1355 2069 (abdicati
1368 1999 1485 2050 vocem
1502 1981 1692 2069 Ecclefiadici
1703 1991 1846 2080 permit·

430 2104 494 2164 tot,
517 2103 650 2161 rtrum,
676 2081 830 2172 inquam,
855 2005 1024 2153 Catholici
1042 2082 1198 2161 eandem,
1222 2101 1263 2149 an
1283 2077 1434 2170 diuersam
1452 2069 1543 2153 hisce
1560 2077 1691 2154 duobua
1705 2082 1845 2158 rocchu-

430 2174 637 2273 ignificatum
652 2174 861 2264 tribuerint?

945 2349 980 2434 §.
1036 2337 1259 2418 xxxvii.

480 2483 516 2554 Si
533 2480 697 2553 Catholici
713 2478 868 2551 eumdem
887 2475 1072 2548 tribuid'ent
1089 2479 1225 2572 vtrique
1246 2451 1408 2547 vocabulo
1423 2471 1668 2568 significatum
1699 2485 1843 2580 perinde

430 2575 494 2662 let,
520 2580 585 2650 hoc
600 2579 651 2649 vel
669 2579 751 2649 illud
775 2574 998 2647 instrumento
1021 2577 1111 2647 Pacir
1130 2572 1241 2646 inseri.
1292 2571 1427 2644 Frullra
1448 2577 1560 2671 itaque
1584 2579 1632 2648 illi
1653 2591 1843 2676 expaniiitiri

430 2681 455 2749 ia
481 2679 623 2771 Religitfi
639 2699 705 2746 tam
729 2677 850 2745 acriter
871 2669 1075 2756 inllitilsent3
1108 2667 1229 2744 fruilra
1245 2674 1344 2741 eriam
1364 2670 1416 2743 vel
1436 2670 1498 2767 ipsi
1519 2674 1737 2752 Protellantet
1759 2686 1843 2777 peti·
1890 2716 1896 2727 ·

430 2776 668 2849 letholicorum
683 2775 725 2846 de
744 2771 945 2845 eliminanda
960 2771 1016 2843 ille
1033 2795 1113 2842 voce
1133 2763 1378 2850 conlenstllent;
1402 2790 1435 2838 et
1452 2770 1545 2841 nullo
1568 2771 1680 2867 postea
1697 2803 1736 2849 ex
1752 2803 1843 2853 vtra-

449 2898 547 2971 parte
561 2872 711 2944 adhibito
733 2892 964 2960 temperamento
982 2893 1067 2965 opus
1083 2863 1211 2948 fuillct3
1245 2865 1336 2960 quod
1364 2886 1571 2937 autemeam
1597 2894 1727 2956 mente,
1750 2901 1842 2951 cum.
1965 2920 1983 2955 1.

430 2958 1583 3160 ,idi'dilidlssuhictlldidtllemdbcdbllldotddlcldlldle:litetudlgfidlhecoptddiniteo
1599 2970 1671 3158 ispllo
1681 2978 1844 3141 lbhosdli.

430 3190 475 3251 tte
490 3168 534 3238 de
549 3163 721 3257 Religioiis
736 3189 802 3234 non
818 3164 975 3257 intelligi,
1000 3161 1107 3233 multo
1127 3162 1237 3231 minut
1251 3158 1291 3227 td
1306 3158 1399 3240 illos,
1425 3178 1459 3229 tt
1475 3156 1692 3236 Protellanter
1705 3165 1842 3241 hoditr.

430 3266 553 3347 olunt,
576 3264 707 3336 extendi
723 3258 841 3360 potest.
1598 3268 1602 3275 ·

538 3397 614 3473 Quo
638 3415 726 3459 mena
744 3404 776 3457 et
799 3394 936 3457 intenlio
957 3386 1182 3456 Paciscentiom
1206 3402 1249 3447 eo
1267 3384 1381 3449 clarior
1406 3385 1543 3469 intelligi
1567 3392 1676 3471 point,
1710 3397 1841 3463 breuem

440 3498 442 3503 ·
476 3476 622 3553 eftorum
643 3475 815 3560 relpebbiue
839 3474 1023 3538 omifforum
1048 3488 1081 3536 er
1105 3464 1354 3530 substitutionem
1382 3470 1614 3533 vocabulorum
1642 3474 1785 3557 Religio,
1806 3492 1844 3543 et

477 3561 674 3645 Ecclefiaflitr'
689 3560 948 3622 concernentium
965 3555 1109 3641 synopiin
1127 3549 1282 3624 sororini,
1299 3561 1332 3613 et
1346 3550 1426 3614 celei
1437 3548 1533 3655 irgine
1550 3552 1656 3641 scripti
1670 3559 1769 3623 edient
1784 3561 1841 3626 iub

476 3642 516 3713 L.
530 3645 569 3711 A.
578 3687 589 3721 ,
606 3662 686 3727 quac
701 3642 840 3707 conferri
861 3640 973 3724 potest.
1404 3669 1408 3675 ·
1616 3686 1619 3693 .

936 3800 971 3884 e
1027 3783 1272 3866 xxxvur

475 3932 532 4002 De
554 3925 682 4000 diuersa
703 3894 814 4024 quoad
847 3922 973 4022 palium
994 3922 1142 3995 nolltum
1167 3923 1341 4015 veriusque
1367 3917 1517 3993 vocabuli
1541 3917 1777 4013 ligniiieatione
1797 3948 1839 4001 eo

430 4032 465 4118 ;ir
479 4029 730 4110 conuincimur,
768 4025 791 4098 st
817 4023 1065 4123 perpendamus
1087 4020 1348 4189 rocepilielt'giafi
1366 4042 1401 4090 er
1420 4020 1608 4111 Ecclefiassict
1629 4021 1685 4093 hic
1706 4026 1842 4187 asl’eci·
1973 4096 1976 4101 .

1216 4138 1284 4208 g3
1739 4126 1840 4193 centi-
1974 4200 1982 4213 ,

474 4277 762 4345 Lanornanruro
779 4281 811 4336 et
828 4270 1022 4349 Lantranpo
1042 4266 1306 4331 consultationem
1325 4265 1460 4330 inituros
1480 4260 1508 4327 ie
1526 4265 1565 4328 iia
1592 4226 1838 4347 rempeibmmta

476 4360 647 4426 Maiestatis
661 4356 825 4421 Caesareae
841 4358 872 4417 in
887 4351 1010 4437 ponciis
1031 4351 1208 4413 Amnelliae
1222 4362 1254 4411 et
1268 4348 1493 4410 Granaminum
1516 4346 1750 4426 propolitnrum
1772 4352 1839 4412 aie·

475 4444 542 4509 bat.
586 4442 673 4505 lirin
694 4442 751 4501 hut·
769 4437 1002 4500 consultatione
1017 4452 1072 4514 per
1088 4434 1219 4509 modum
1241 4429 1480 4508 Tempetnmettri
1500 4428 1648 4490 {latorum
1667 4428 1730 4497 eli,
1754 4442 1792 4495 vt
1806 4434 1840 4494 in

474 4526 586 4590 locum
603 4544 675 4585 voc.
697 4522 839 4603 Religioli
856 4520 1094 4593 intingerentur
1111 4533 1228 4576 vocer:
1257 4514 1324 4574 Aba·
1350 4514 1455 4575 clerici
1463 4511 1522 4593 jeta
1541 4510 1741 4596 erciefioflt'coe
1763 4514 1842 4577 Fer·
1934 4518 1951 4543 ⁴

466 4612 574 4694 jonae.
618 4606 755 4668 illurunr
776 4601 845 4668 Ait.
867 4602 900 4667 Ρ.
922 4598 967 4667 W.
993 4595 1075 4663 Torta.
1092 4599 1109 4661 l
1115 4594 1151 4663 V.
1169 4619 1200 4681 p.
1217 4614 1288 4681 901.
1298 4591 1361 4677 seq.

442 4726 515 4835 Art.
530 4743 566 4790 v.
589 4721 613 4805 i.
631 4739 694 4789 xv.
1323 4758 1326 4763 .
