4784 5550
459 559 535 682 ¹to
552 596 650 704 cat.
673 593 703 672 t.
737 537 806 669 nr
823 581 1010 691 Juaatt.
1032 587 1266 667 caturam
1289 588 1412 666 taes
1437 591 1722 672 rosarutott
1740 600 1809 678 ac.
1835 603 1929 705 '145

410 826 419 844 .
477 802 555 852 uum
567 780 756 865 juramenta,
780 778 836 844 orl
851 797 998 866 appetere.
1049 775 1119 844 Cur
1137 794 1328 843 autemnon
1347 771 1497 854 duxerit,
1524 776 1747 848 recedentium
1770 776 1833 851 ell'e
1847 805 1865 849 a
1879 807 1929 856 re·

472 878 531 970 gula
546 897 682 966 propter
699 872 878 941 calumnias
903 877 1071 950 Honorius,
1096 870 1206 940 caulas
1221 870 1289 962 jam
1314 868 1401 939 diri:
1427 868 1630 963 fingulorum
1644 874 1851 970 dil'paritates
1873 880 1929 950 da·
2074 881 2089 886 ”

449 987 515 1052 ἠ,
537 974 632 1040 nimis
658 968 796 1059 longum
820 968 1000 1039 accideret:
1033 968 1115 1038 illud
1137 990 1226 1038 cette
1248 966 1361 1035 docuit
1385 973 1592 1062 experientia
1615 968 1792 1054 halleuus,
1829 982 1927 1046 miuus

410 1059 413 1152 ζ
469 1070 582 1142 rutilus
597 1072 663 1136 ultis
678 1071 857 1152 iuramentis
874 1066 974 1146 utile,
998 1089 1034 1136 ac
1052 1062 1264 1135 necell'arium
1282 1059 1345 1134 elie
1357 1067 1562 1152 jurameutum
1574 1073 1741 1142 calumnier
1766 1073 1865 1153 adeo,
1892 1096 1929 1148 ur

469 1164 599 1260 ejusdem
623 1159 751 1235 exaiiio
774 1162 850 1259 ipis
872 1161 1040 1255 judicibus
1062 1161 1191 1233 reddita
1213 1155 1317 1230 fuerit
1338 1159 1464 1240 odiosa.
1523 1163 1606 1238 Vid.
1636 1171 1706 1246 Van
1720 1203 1732 1224 ·
1748 1169 1844 1264 Elpeo
1859 1173 1925 1263 jur.

467 1268 559 1354 ittlel.
580 1267 679 1336 Uuiv.
690 1282 775 1358 part.
792 1288 825 1352 3.
841 1269 897 1333 tit.
916 1288 950 1340 7·
968 1268 1039 1357 Cup.
1055 1288 1087 1335 4.
1105 1268 1205 1332 Num.
1221 1285 1255 1335 4.
1268 1282 1303 1340 r.
1322 1271 1355 1331 ό.
1375 1283 1408 1350 7.

1133 1521 1143 1543 .
1193 1464 1268 1539 lV.

718 1593 941 1696 Disputatur
955 1596 1065 1698 stupor
1089 1474 1204 1674 altero
1228 1593 1379 1674 membro
1404 1598 1501 1694 rufius
1522 1596 1654 1676 brevis.

565 1776 622 1844 55.
672 1754 717 1821 D.
740 1753 824 1822 Satis
842 1752 883 1821 de
896 1756 1051 1846 principali
1068 1749 1220 1824 membro
1238 1754 1321 1845 rusus
1336 1756 1460 1827 breuis:
1485 1781 1588 1853 pauco
1604 1757 1710 1830 adhuc
1727 1756 1867 1831 movebo
1884 1759 1927 1835 (le

465 1849 588 1945 sermio,
617 1847 790 1929 uidelicet,
814 1854 901 1918 lucre
919 1855 1031 1919 clerico
1054 1853 1190 1942 delegare
1206 1855 1257 1920 hoc
1272 1854 1397 1937 officium
1414 1858 1528 1925 ulceri:
1554 1853 1594 1926 stc
1610 1880 1720 1926 aurem
1739 1858 1832 1930 dico:
1861 1864 1928 1929 Ni·

467 1947 502 2021 ltl
516 1948 568 2020 hic
586 1946 736 2043 specialis
756 1949 983 2041 praroguuvae
998 1949 1145 2017 cernitur
1155 1969 1207 2037 pro
1226 1955 1366 2021 clericist
1393 1974 1467 2019 nam
1484 1954 1700 2044 quibuscunque
1717 1957 1817 2025 etiam
1830 1961 1929 2040 luicis,

464 2041 644 2144 permillum
660 2041 704 2115 eli
724 2039 877 2138 prestare
890 2042 1305 2137 juramentumcalumniae
1321 2067 1383 2139 per
1398 2048 1491 2118 luum
1511 2073 1775 2143 procuratorem.
1801 2062 1872 2144 cup,
1892 2078 1925 2141 3.
1944 2053 1948 2068 '

464 2147 519 2216 br.
533 2149 565 2214 in
579 2159 634 2223 6.,
659 2141 692 2211 ἃ
713 2139 912 2233 generaliter
926 2146 963 2212 de
977 2144 1048 2232 jure
1062 2144 1150 2211 civile
1173 2139 1361 2234 juramenta
1383 2139 1513 2236 pollone
1534 2142 1679 2239 praellari
1704 2172 1766 2241 per
1788 2149 1881 2223 ulios.
1899 2154 1925 2225 l.

467 2267 508 2320 η.
524 2249 560 2322 f.
578 2265 611 2327 3.
623 2239 661 2330 ff.
678 2246 714 2309 de
724 2242 855 2329 juretur.
872 2243 894 2307 l.
918 2263 969 2323 13.
987 2246 1024 2318 ff.
1044 2262 1095 2324 13.
1112 2236 1147 2326 ff.
1165 2243 1202 2307 ule
1219 2237 1320 2308 dumo}
1335 2242 1437 2330 inseri.
1470 2244 1505 2317 C.
1524 2246 1646 2332 Nego,
1672 2243 1927 2340 quibuscunque

461 2333 569 2410 licuisse
585 2359 714 2429 ternpore
732 2340 857 2405 Houorii
872 2333 1026 2431 praellore
1039 2333 1265 2428 juramentum
1282 2339 1453 2408 calumniae
1474 2361 1526 2431 prr
1542 2344 1729 2432 delegatumr
1755 2340 1819 2411 hoc
1834 2346 1926 2416 e‘oim
1991 2421 1996 2428 ,

462 2431 1131 2531 etprell'eeratcontral.2.ff.3.815.
1157 2431 1314 2506 &Aurln
1338 2436 1539 2528 Principalcs
1565 2432 1596 2532 b.
1623 2464 1654 2505 2.
1680 2463 1750 2529 3.4
1789 2449 1824 2509 G.
1849 2445 1925 2512 lut.
2017 2453 2021 2460 '

462 2535 561 2626 Quare
585 2530 668 2602 illud
690 2532 854 2602 recentius
875 2526 939 2609 est,
966 2528 1054 2623 quod
1073 2528 1219 2599 decrerit
1244 2529 1357 2626 polica
1383 2536 1558 2624 Burufucius
1580 2541 1700 2618 Viti,
1725 2560 1854 2605 motem
1875 2535 1925 2609 l'ui

459 2635 507 2708 eti
527 2627 669 2702 securus.
719 2632 843 2718 Leges,
868 2650 949 2721 quas
970 2651 1008 2698 er
1030 2622 1064 2696 ff·
1086 2625 1226 2717 allegas,
1251 2629 1438 2699 nullatenus
1460 2629 1620 2725 probant,
1647 2636 1737 2702 ullum
1758 2633 1926 2727 juramen·

457 2749 515 2801 tum
531 2723 682 2824 praestari
698 2721 837 2820 potutlie
853 2748 904 2816 ptr
922 2729 1033 2805 ulium,
1058 2722 1134 2795 licet
1149 2721 1281 2818 speciali
1297 2727 1451 2798 mandato
1468 2725 1659 2799 suffultum:
1687 2754 1762 2800 nam
1778 2738 1823 2822 pr'
1846 2739 1926 2807 rlex

455 2822 658 2902 solummodo
674 2825 771 2904 dicit,
795 2824 884 2917 quod
901 2843 1100 2918 procurator
1116 2828 1291 2914 generalis,
1318 2844 1374 2893 aut
1394 2830 1444 2913 qui
1457 2825 1580 2915 speciale
1593 2832 1770 2899 mundatum
1785 2757 1925 2915 omniur,

453 2922 541 3021 poffir
556 2923 656 2993 alicui
679 2923 796 3009 dasem
811 2922 1035 3014 juramentum
1060 2925 1306 2989 corruentiourlc:
1338 2919 1421 2988 nihil
1445 2921 1485 2991 de
1502 2920 1587 3001 hoc,
1614 2924 1703 3014 quod
1725 2949 1926 3017 procurator

409 3094 410 3103 ,
453 3046 508 3119 pro
529 3018 590 3092 luo
607 3018 784 3115 principali
810 3013 904 3114 poffir
924 3017 1004 3088 illud
1029 3017 1174 3107 prestare.
1222 3017 1383 3085 Similiter
1400 3017 1449 3086 lex
1469 3014 1633 3112 pollertor
1655 3043 1719 3088 nou
1739 3025 1861 3101 voluit,
1887 3045 1926 3095 ut

408 3112 411 3203 ,¹
451 3126 488 3201 it,
512 3120 573 3215 qui
588 3124 687 3189 utrem
703 3141 819 3184 nomine
836 3114 979 3211 pollulat
995 3120 1103 3184 careri
1122 3114 1161 3182 dc
1179 3113 1300 3183 damno
1317 3109 1460 3195 infeilo,
1483 3116 1571 3207 juret
1584 3120 1614 3183 iu
1632 3122 1762 3186 ariorum
1779 3125 1927 3193 ulteriusr

451 3218 511 3289 ino
528 3242 563 3286 tn
582 3211 672 3306 suum
697 3210 838 3303 jurabit,
864 3237 958 3291 eunt,
985 3213 1079 3303 cujus
1104 3215 1238 3280 nomine
1260 3228 1396 3282 cautum
1420 3210 1579 3306 pollulat,
1606 3213 1639 3281 id
1663 3239 1728 3283 non
1752 3216 1926 3288 calumniae

452 3311 538 3387 truso
556 3313 592 3382 id
607 3306 701 3381 fuitl'e
718 3308 971 3404 pullulaturum.
1022 3308 1153 3377 Deinde
1171 3310 1270 3377 etiam
1290 3305 1362 3403 poll
1386 3334 1447 3402 cup.
1465 3336 1496 3395 3.
1515 3315 1544 3378 lr.
1562 3331 1586 3381 t.
1603 3336 1633 3380 m
1654 3325 1686 3381 u.
1711 3313 1928 3386 arbitrabitur

451 3434 482 3485 et
495 3406 753 3483 circumstantiis
770 3406 886 3499 judex,
914 3431 954 3474 an
970 3431 1034 3478 non
1052 3405 1105 3476 hic
1124 3404 1155 3474 u
1174 3429 1280 3484 nunc,
1304 3401 1426 3498 rejelia
1449 3407 1675 3498 delegatione,
1702 3403 1770 3500 ipsa
1786 3409 1926 3504 persona

448 3506 661 3607 principalis,
686 3506 710 3587 fi
722 3507 823 3593 suerit
839 3505 1000 3589 secularis,
1025 3504 1171 3594 cogenda
1188 3499 1242 3582 stt,
1265 3525 1301 3574 ur
1318 3503 1531 3596 personaliter,
1557 3502 1590 3573 br
1612 3510 1804 3597 corporaliter
1823 3506 1925 3599 juret,

448 3604 630 3707 presertim
643 3607 685 3673 ud
700 3603 874 3692 instantium
888 3606 1010 3694 partis:
1033 3602 1191 3696 quoniam
1216 3601 1300 3694 laepc
1314 3602 1492 3689 contingit,
1519 3600 1693 3671 hominum
1712 3600 1925 3675 conscientias

448 3703 583 3799 percelli
605 3702 812 3785 solemnitate,
846 3698 879 3769 lit
904 3699 1087 3789 prestatione
1106 3697 1252 3790 peruncti
1274 3695 1472 3791 juramenti,
1506 3723 1572 3767 non
1595 3720 1705 3768 autem
1728 3706 1926 3793 delegatione.

448 3804 590 3879 &outre
607 3797 794 3880 clericum,
819 3797 870 3868 vel
885 3795 1112 3878 Monachum,
1135 3792 1233 3888 judex
1248 3818 1418 3890 nunquam
1431 3794 1473 3865 ad
1485 3795 1548 3868 hoc
1564 3791 1672 3891 potest
1687 3799 1902 3895 compellere.

563 4003 620 4088 56.
667 3997 714 4063 D.
744 3989 928 4083 cortrucst.
980 3989 1090 4060 Etiam
1108 3986 1278 4069 Clericus,
1303 3991 1334 4058 in
1346 3987 1403 4077 [uu
1416 3987 1545 4082 privuru
1559 3990 1646 4082 cuusu
1662 3990 1813 4083 litigans,
1834 3989 1927 4065 lino·

449 4094 481 4171 lit
496 4120 561 4195 per
578 4091 610 4165 sc
629 4087 736 4187 ipsum
756 4089 889 4184 jurare,
916 4084 1008 4157 dabit
1030 4089 1240 4183 procuratori
1264 4082 1322 4155 suo
1341 4091 1517 4158 orandorum
1535 4087 1679 4183 spcciule,
1706 4089 1857 4160 videlicet
1873 4095 1928 4181 ju·

448 4198 532 4267 trudi
548 4199 580 4263 in
602 4196 733 4259 uuiruuur
745 4189 845 4278 suum.
871 4190 953 4279 Cap.
974 4181 1028 4255 fin.
1048 4187 1080 4255 b.
1106 4208 1129 4254 r.
1148 4186 1181 4253 in
1199 4192 1251 4263 6.,
1279 4182 1310 4252 u
1334 4180 1373 4253 fic
1393 4184 1425 4252 in
1445 4180 1566 4255 effeflu
1590 4185 1660 4281 ipse
1681 4185 1787 4279 jurat,
1815 4183 1927 4257 sccun-

450 4291 523 4365 lum
540 4294 811 4363 Pauorrur'ruuumt
840 4307 938 4378 atque
959 4283 1190 4353 tantummodo
1218 4281 1258 4351 ad
1275 4282 1444 4351 vitandum
1461 4307 1613 4354 errorem
1633 4288 1666 4353 in
1683 4282 1780 4380 plebe
1804 4286 1837 4352 in
1861 4286 1925 4356 hoc

449 4385 671 4485 tlilpenserur,
708 4410 744 4452 ne
762 4387 881 4476 propriu
906 4405 997 4451 murru
1021 4404 1129 4472 turget
1152 4385 1295 4471 Evungcl
1308 4405 1344 4450 ut
1382 4381 1470 4474 quod
1495 4382 1545 4467 od·
1560 4404 1679 4474 puram
1703 4385 1928 4451 ceremoniam

449 4488 548 4567 retiae,
575 4508 617 4555 ne
641 4479 678 4553 lit
699 4480 822 4552 Clerici
844 4476 1070 4573 juramentum
1094 4481 1263 4569 corporale,
1301 4474 1460 4548 ledricrr
1484 4482 1620 4547 verbale.
1672 4480 1705 4546 Sl
1729 4503 1810 4548 uero
1832 4475 1928 4549 causo

446 4609 507 4659 ron
528 4608 593 4656 tarn
610 4582 699 4676 ipfius
719 4581 827 4653 clerici
844 4574 899 4662 fir,
926 4599 1025 4673 quam
1039 4576 1188 4667 beneficii,
1215 4570 1269 4650 seu
1290 4575 1428 4660 tecleae,
1452 4598 1530 4650 tunc
1556 4573 1693 4671 quidem
1718 4581 1849 4649 clericus
1867 4582 1927 4664 ipse

496 4680 623 4759 Tuum
649 4674 694 4760 V
689 4673 742 4753 Il·
1234 4700 1237 4707 ·
1324 4780 1327 4786 Ι
1346 4674 1384 4741 Τ
1852 4693 1920 4742 non
