<?xml version="1.0" encoding="UTF-8"?>
<!DOCTYPE html PUBLIC "-//W3C//DTD XHTML 1.0 Transitional//EN"
    "http://www.w3.org/TR/xhtml1/DTD/xhtml1-transitional.dtd">
<html xmlns="http://www.w3.org/1999/xhtml" xml:lang="en" lang="en">
 <head>
  <title>
</title>
<meta http-equiv="Content-Type" content="text/html;charset=utf-8" />
  <meta name='ocr-system' content='tesseract 3.04.00' />
  <meta name='ocr-capabilities' content='ocr_page ocr_carea ocr_par ocr_line ocrx_word'/>
</head>
<body>
  <div class='ocr_page' id='page_1' title='image "./thesavrvsivrise03schmgoog_0092.png"; bbox 0 0 4784 5550; ppageno 0'>
   <div class='ocr_carea' id='block_1_1' title="bbox 463 617 1497 740">
    <p class='ocr_par' dir='ltr' id='par_1_1' title="bbox 463 617 1497 740">
     <span class='ocr_line' id='line_1_1' title="bbox 463 617 1497 740; baseline -0.003 -39"><span class='ocrx_word' id='word_1_1' title='bbox 463 663 513 740; x_wconf 78' lang='lat'>74</span> <span class='ocrx_word' id='word_1_2' title='bbox 923 617 1497 702; x_wconf 77' lang='lat' dir='ltr'>orssartra&#39;rro</span> 
     </span>
    </p>
   </div>
   <div class='ocr_carea' id='block_1_2' title="bbox 417 803 1958 1982">
    <p class='ocr_par' dir='ltr' id='par_1_2' title="bbox 417 803 1958 1982">
     <span class='ocr_line' id='line_1_2' title="bbox 461 803 1956 908; baseline -0.009 -14"><span class='ocrx_word' id='word_1_3' title='bbox 461 821 614 902; x_wconf 87' lang='lat' dir='ltr'>slitotum</span> <span class='ocrx_word' id='word_1_4' title='bbox 627 806 785 908; x_wconf 77' lang='lat' dir='ltr'>Episcopi</span> <span class='ocrx_word' id='word_1_5' title='bbox 805 808 995 882; x_wconf 68' lang='lat' dir='ltr'>Germanice</span> <span class='ocrx_word' id='word_1_6' title='bbox 1016 831 1132 880; x_wconf 83' lang='lat' dir='ltr'>contra</span> <span class='ocrx_word' id='word_1_7' title='bbox 1156 804 1369 880; x_wconf 89' lang='lat' dir='ltr'>indiscretum</span> <span class='ocrx_word' id='word_1_8' title='bbox 1387 803 1554 879; x_wconf 84' lang='lat' dir='ltr'>Pontificis</span> <span class='ocrx_word' id='word_1_9' title='bbox 1570 809 1740 899; x_wconf 63' lang='lat' dir='ltr'>figurem,</span> <span class='ocrx_word' id='word_1_10' title='bbox 1763 808 1856 880; x_wconf 89' lang='lat' dir='ltr'>unde</span> <span class='ocrx_word' id='word_1_11' title='bbox 1878 833 1956 880; x_wconf 85' lang='lat' dir='ltr'>con·</span> 
     </span>
     <span class='ocr_line' id='line_1_3' title="bbox 462 905 1957 1004; baseline -0.007 -14"><span class='ocrx_word' id='word_1_12' title='bbox 462 918 570 992; x_wconf 89' lang='lat' dir='ltr'>lilium</span> <span class='ocrx_word' id='word_1_13' title='bbox 594 912 729 984; x_wconf 80' lang='lat' dir='ltr'>dederat</span> <span class='ocrx_word' id='word_1_14' title='bbox 754 907 1037 1002; x_wconf 85' lang='lat' dir='ltr'>Archiepiscopus</span> <span class='ocrx_word' id='word_1_15' title='bbox 1061 912 1220 998; x_wconf 77' lang='lat' dir='ltr'>hlogunr,</span> <span class='ocrx_word' id='word_1_16' title='bbox 1243 907 1418 1000; x_wconf 87' lang='lat' dir='ltr'>areliquis</span> <span class='ocrx_word' id='word_1_17' title='bbox 1443 905 1700 1004; x_wconf 90' lang='lat' dir='ltr'>approbatum„</span> <span class='ocrx_word' id='word_1_18' title='bbox 1729 931 1766 977; x_wconf 90' lang='lat' dir='ltr'>ut</span> <span class='ocrx_word' id='word_1_19' title='bbox 1792 907 1957 980; x_wconf 77' lang='lat' dir='ltr'>scribatur</span> 
     </span>
     <span class='ocr_line' id='line_1_4' title="bbox 465 995 1958 1102; baseline -0.006 -15"><span class='ocrx_word' id='word_1_20' title='bbox 465 1015 636 1102; x_wconf 87' lang='lat' dir='ltr'>„Domino</span> <span class='ocrx_word' id='word_1_21' title='bbox 653 1005 746 1102; x_wconf 83' lang='lat' dir='ltr'>Papae</span> <span class='ocrx_word' id='word_1_22' title='bbox 762 1031 799 1078; x_wconf 89' lang='lat' dir='ltr'>ex</span> <span class='ocrx_word' id='word_1_23' title='bbox 815 1003 952 1100; x_wconf 89' lang='lat' dir='ltr'>persona</span> <span class='ocrx_word' id='word_1_24' title='bbox 971 1003 1234 1100; x_wconf 88' lang='lat' dir='ltr'>Episcoporum‚</span> <span class='ocrx_word' id='word_1_25' title='bbox 1260 995 1293 1074; x_wconf 93' lang='lat' dir='ltr'>in</span> <span class='ocrx_word' id='word_1_26' title='bbox 1312 1005 1434 1099; x_wconf 82' lang='lat' dir='ltr'>quibua</span> <span class='ocrx_word' id='word_1_27' title='bbox 1449 1027 1718 1085; x_wconf 86' lang='lat' dir='ltr'>commoneatur,</span> <span class='ocrx_word' id='word_1_28' title='bbox 1742 1027 1782 1076; x_wconf 90' lang='lat' dir='ltr'>ut</span> <span class='ocrx_word' id='word_1_29' title='bbox 1796 1029 1855 1084; x_wconf 89' lang='lat' dir='ltr'>ea,</span> <span class='ocrx_word' id='word_1_30' title='bbox 1882 1029 1958 1098; x_wconf 72' lang='lat' dir='ltr'>que</span> 
     </span>
     <span class='ocr_line' id='line_1_5' title="bbox 464 1099 1956 1205; baseline -0.005 -23"><span class='ocrx_word' id='word_1_31' title='bbox 464 1111 528 1200; x_wconf 83' lang='lat' dir='ltr'>„ad</span> <span class='ocrx_word' id='word_1_32' title='bbox 546 1131 659 1205; x_wconf 89' lang='lat' dir='ltr'>pacem</span> <span class='ocrx_word' id='word_1_33' title='bbox 678 1103 767 1185; x_wconf 82' lang='lat' dir='ltr'>sunt,</span> <span class='ocrx_word' id='word_1_34' title='bbox 796 1129 872 1174; x_wconf 92' lang='lat' dir='ltr'>cum</span> <span class='ocrx_word' id='word_1_35' title='bbox 896 1107 1104 1198; x_wconf 78' lang='lat' dir='ltr'>Imperatore</span> <span class='ocrx_word' id='word_1_36' title='bbox 1125 1099 1258 1184; x_wconf 85' lang='lat' dir='ltr'>sentiat,</span> <span class='ocrx_word' id='word_1_37' title='bbox 1291 1101 1510 1198; x_wconf 82' lang='lat' dir='ltr'>&amp;Juslitiam</span> <span class='ocrx_word' id='word_1_38' title='bbox 1533 1099 1593 1196; x_wconf 90' lang='lat' dir='ltr'>ipsr</span> <span class='ocrx_word' id='word_1_39' title='bbox 1615 1107 1649 1170; x_wconf 86' lang='lat' dir='ltr'>ln</span> <span class='ocrx_word' id='word_1_40' title='bbox 1672 1104 1741 1180; x_wconf 83' lang='lat' dir='ltr'>hia,</span> <span class='ocrx_word' id='word_1_41' title='bbox 1774 1127 1851 1196; x_wconf 85' lang='lat' dir='ltr'>quae</span> <span class='ocrx_word' id='word_1_42' title='bbox 1869 1101 1956 1196; x_wconf 82' lang='lat' dir='ltr'>juste</span> 
     </span>
     <span class='ocr_line' id='line_1_6' title="bbox 462 1195 1953 1298; baseline -0.007 -17"><span class='ocrx_word' id='word_1_43' title='bbox 462 1209 527 1298; x_wconf 88' lang='lat' dir='ltr'>„ab</span> <span class='ocrx_word' id='word_1_44' title='bbox 543 1234 583 1279; x_wconf 94' lang='lat' dir='ltr'>eo</span> <span class='ocrx_word' id='word_1_45' title='bbox 597 1207 789 1294; x_wconf 78' lang='lat' dir='ltr'>eriguntur,</span> <span class='ocrx_word' id='word_1_46' title='bbox 817 1197 924 1271; x_wconf 84' lang='lat' dir='ltr'>saciat.</span> <span class='ocrx_word' id='word_1_47' title='bbox 973 1203 1014 1270; x_wconf 87' lang='lat' dir='ltr'>Er</span> <span class='ocrx_word' id='word_1_48' title='bbox 1035 1199 1074 1268; x_wconf 86' lang='lat' dir='ltr'>ad</span> <span class='ocrx_word' id='word_1_49' title='bbox 1100 1199 1303 1270; x_wconf 85' lang='lat' dir='ltr'>voluntatem</span> <span class='ocrx_word' id='word_1_50' title='bbox 1319 1201 1537 1294; x_wconf 83' lang='lat' dir='ltr'>Imperatoris</span> <span class='ocrx_word' id='word_1_51' title='bbox 1556 1195 1676 1294; x_wconf 86' lang='lat' dir='ltr'>scripta</span> <span class='ocrx_word' id='word_1_52' title='bbox 1694 1197 1739 1268; x_wconf 91' lang='lat' dir='ltr'>esl</span> <span class='ocrx_word' id='word_1_53' title='bbox 1753 1197 1902 1296; x_wconf 84' lang='lat' dir='ltr'>Epistola</span> <span class='ocrx_word' id='word_1_54' title='bbox 1916 1200 1953 1292; x_wconf 78' lang='lat' dir='ltr'>a)</span> 
     </span>
     <span class='ocr_line' id='line_1_7' title="bbox 465 1295 1954 1466; baseline -0.009 -88"><span class='ocrx_word' id='word_1_55' title='bbox 465 1306 608 1400; x_wconf 83' lang='lat' dir='ltr'>„signata</span> <span class='ocrx_word' id='word_1_56' title='bbox 632 1303 733 1370; x_wconf 78' lang='lat' dir='ltr'>stultis</span> <span class='ocrx_word' id='word_1_57' title='bbox 761 1295 1005 1394; x_wconf 87' lang='lat' dir='ltr'>Episcoporum</span> <span class='ocrx_word' id='word_1_58' title='bbox 1030 1299 1181 1369; x_wconf 88' lang='lat' dir='ltr'>omnium</span> <span class='ocrx_word' id='word_1_59' title='bbox 1208 1297 1241 1366; x_wconf 85' lang='lat' dir='ltr'>dt</span> <span class='ocrx_word' id='word_1_60' title='bbox 1266 1297 1393 1390; x_wconf 83' lang='lat' dir='ltr'>perlata</span> <span class='ocrx_word' id='word_1_61' title='bbox 1411 1296 1450 1368; x_wconf 88' lang='lat' dir='ltr'>ad</span> <span class='ocrx_word' id='word_1_62' title='bbox 1480 1301 1665 1368; x_wconf 89' lang='lat' dir='ltr'>Dominum</span> <span class='ocrx_word' id='word_1_63' title='bbox 1688 1299 1826 1392; x_wconf 85' lang='lat' dir='ltr'>Pupam.</span> <span class='ocrx_word' id='word_1_64' title='bbox 1885 1300 1954 1466; x_wconf 72' lang='lat' dir='ltr'>Qpi</span> 
     </span>
     <span class='ocr_line' id='line_1_8' title="bbox 464 1389 1954 1492; baseline -0.013 -5"><span class='ocrx_word' id='word_1_65' title='bbox 464 1428 563 1490; x_wconf 77' lang='lat' dir='ltr'>„cum</span> <span class='ocrx_word' id='word_1_66' title='bbox 586 1397 711 1492; x_wconf 84' lang='lat' dir='ltr'>legisset</span> <span class='ocrx_word' id='word_1_67' title='bbox 731 1393 930 1490; x_wconf 83' lang='lat' dir='ltr'>Epistulam,</span> <span class='ocrx_word' id='word_1_68' title='bbox 965 1393 1135 1490; x_wconf 92' lang='lat' dir='ltr'>obslupuit</span> <span class='ocrx_word' id='word_1_69' title='bbox 1159 1395 1201 1464; x_wconf 88' lang='lat' dir='ltr'>de</span> <span class='ocrx_word' id='word_1_70' title='bbox 1221 1397 1455 1490; x_wconf 83' lang='lat' dir='ltr'>immutatione</span> <span class='ocrx_word' id='word_1_71' title='bbox 1482 1389 1745 1488; x_wconf 81' lang='lat' dir='ltr'>Episcoporum,</span> <span class='ocrx_word' id='word_1_72' title='bbox 1781 1397 1862 1489; x_wconf 90' lang='lat' dir='ltr'>quia</span> <span class='ocrx_word' id='word_1_73' title='bbox 1884 1398 1954 1490; x_wconf 86' lang='lat' dir='ltr'>ipe</span> 
     </span>
     <span class='ocr_line' id='line_1_9' title="bbox 464 1487 1953 1590; baseline -0.006 -17"><span class='ocrx_word' id='word_1_74' title='bbox 464 1497 617 1588; x_wconf 83' lang='lat' dir='ltr'>„causam</span> <span class='ocrx_word' id='word_1_75' title='bbox 639 1520 701 1590; x_wconf 93' lang='lat' dir='ltr'>pro</span> <span class='ocrx_word' id='word_1_76' title='bbox 730 1497 777 1564; x_wconf 86' lang='lat' dir='ltr'>eis</span> <span class='ocrx_word' id='word_1_77' title='bbox 801 1493 974 1564; x_wconf 85' lang='lat' dir='ltr'>videbatur</span> <span class='ocrx_word' id='word_1_78' title='bbox 1003 1489 1185 1587; x_wconf 78' lang='lat' dir='ltr'>sumpsisse,</span> <span class='ocrx_word' id='word_1_79' title='bbox 1226 1490 1284 1586; x_wconf 82' lang='lat' dir='ltr'>ipfi</span> <span class='ocrx_word' id='word_1_80' title='bbox 1307 1517 1388 1562; x_wconf 87' lang='lat' dir='ltr'>vero</span> <span class='ocrx_word' id='word_1_81' title='bbox 1407 1493 1449 1564; x_wconf 90' lang='lat' dir='ltr'>de</span> <span class='ocrx_word' id='word_1_82' title='bbox 1471 1488 1564 1562; x_wconf 88' lang='lat' dir='ltr'>causa</span> <span class='ocrx_word' id='word_1_83' title='bbox 1588 1487 1740 1564; x_wconf 86' lang='lat' dir='ltr'>cecidisse</span> <span class='ocrx_word' id='word_1_84' title='bbox 1764 1543 1774 1566; x_wconf 89' lang='lat'><strong>.</strong></span> <span class='ocrx_word' id='word_1_85' title='bbox 1800 1545 1810 1564; x_wconf 92' lang='lat'><strong><em>.</em></strong></span> <span class='ocrx_word' id='word_1_86' title='bbox 1835 1541 1848 1568; x_wconf 87' lang='lat'><strong>.</strong></span> <span class='ocrx_word' id='word_1_87' title='bbox 1877 1497 1953 1566; x_wconf 88' lang='lat' dir='ltr'>Nec</span> 
     </span>
     <span class='ocr_line' id='line_1_10' title="bbox 465 1587 1954 1686; baseline -0.005 -16"><span class='ocrx_word' id='word_1_88' title='bbox 465 1602 597 1685; x_wconf 86' lang='lat' dir='ltr'>„minus</span> <span class='ocrx_word' id='word_1_89' title='bbox 615 1617 724 1665; x_wconf 90' lang='lat' dir='ltr'>tameu</span> <span class='ocrx_word' id='word_1_90' title='bbox 741 1594 774 1661; x_wconf 90' lang='lat' dir='ltr'>in</span> <span class='ocrx_word' id='word_1_91' title='bbox 791 1587 962 1686; x_wconf 78' lang='lat' dir='ltr'>proposito</span> <span class='ocrx_word' id='word_1_92' title='bbox 978 1587 1035 1660; x_wconf 92' lang='lat' dir='ltr'>suo</span> <span class='ocrx_word' id='word_1_93' title='bbox 1057 1587 1199 1686; x_wconf 88' lang='lat' dir='ltr'>pecslitit</span> <span class='ocrx_word' id='word_1_94' title='bbox 1218 1589 1400 1662; x_wconf 80' lang='lat' dir='ltr'>&amp;veniens</span> <span class='ocrx_word' id='word_1_95' title='bbox 1420 1595 1590 1662; x_wconf 75' lang='lat' dir='ltr'>Veronam</span> <span class='ocrx_word' id='word_1_96' title='bbox 1612 1593 1861 1684; x_wconf 80' lang='lat' dir='ltr'>Imperatorem</span> <span class='ocrx_word' id='word_1_97' title='bbox 1876 1591 1954 1684; x_wconf 74' lang='lat' dir='ltr'>legi·</span> 
     </span>
     <span class='ocr_line' id='line_1_11' title="bbox 464 1683 1953 1786; baseline -0.006 -16"><span class='ocrx_word' id='word_1_98' title='bbox 464 1699 571 1784; x_wconf 80' lang='lat' dir='ltr'>„time</span> <span class='ocrx_word' id='word_1_99' title='bbox 594 1696 730 1764; x_wconf 88' lang='lat' dir='ltr'>citatum</span> <span class='ocrx_word' id='word_1_100' title='bbox 756 1714 819 1786; x_wconf 90' lang='lat' dir='ltr'>pro</span> <span class='ocrx_word' id='word_1_101' title='bbox 842 1687 1007 1784; x_wconf 84' lang='lat' dir='ltr'>Capitulis</span> <span class='ocrx_word' id='word_1_102' title='bbox 1032 1685 1129 1783; x_wconf 85' lang='lat' dir='ltr'>supra</span> <span class='ocrx_word' id='word_1_103' title='bbox 1157 1683 1287 1782; x_wconf 83' lang='lat' dir='ltr'>scriptis</span> <span class='ocrx_word' id='word_1_104' title='bbox 1310 1691 1597 1758; x_wconf 87' lang='lat' dir='ltr'>excommunicare</span> <span class='ocrx_word' id='word_1_105' title='bbox 1621 1686 1777 1758; x_wconf 83' lang='lat' dir='ltr'>decrerit.</span> <span class='ocrx_word' id='word_1_106' title='bbox 1803 1737 1815 1762; x_wconf 90' lang='lat'><strong>.</strong></span> <span class='ocrx_word' id='word_1_107' title='bbox 1844 1739 1857 1762; x_wconf 86' lang='lat'><strong>.</strong></span> <span class='ocrx_word' id='word_1_108' title='bbox 1882 1738 1893 1763; x_wconf 87' lang='lat'><strong>.</strong></span> <span class='ocrx_word' id='word_1_109' title='bbox 1919 1687 1953 1762; x_wconf 71' lang='grc' dir='ltr'><strong>ἅ</strong></span> 
     </span>
     <span class='ocr_line' id='line_1_12' title="bbox 464 1782 1955 1883; baseline -0.005 -17"><span class='ocrx_word' id='word_1_110' title='bbox 464 1817 564 1880; x_wconf 91' lang='lat' dir='ltr'>„cum</span> <span class='ocrx_word' id='word_1_111' title='bbox 581 1795 614 1860; x_wconf 89' lang='lat' dir='ltr'>in</span> <span class='ocrx_word' id='word_1_112' title='bbox 633 1791 786 1883; x_wconf 85' lang='lat' dir='ltr'>proximo</span> <span class='ocrx_word' id='word_1_113' title='bbox 806 1811 882 1856; x_wconf 92' lang='lat' dir='ltr'>eum</span> <span class='ocrx_word' id='word_1_114' title='bbox 897 1789 1183 1857; x_wconf 84' lang='lat' dir='ltr'>excommunicare</span> <span class='ocrx_word' id='word_1_115' title='bbox 1205 1785 1319 1865; x_wconf 83' lang='lat' dir='ltr'>vellet,</span> <span class='ocrx_word' id='word_1_116' title='bbox 1352 1808 1462 1855; x_wconf 88' lang='lat' dir='ltr'>morte</span> <span class='ocrx_word' id='word_1_117' title='bbox 1483 1807 1672 1880; x_wconf 80' lang='lat' dir='ltr'>praeventae</span> <span class='ocrx_word' id='word_1_118' title='bbox 1693 1782 1891 1858; x_wconf 83' lang='lat' dir='ltr'>sententiam</span> <span class='ocrx_word' id='word_1_119' title='bbox 1908 1785 1955 1858; x_wconf 89' lang='lat' dir='ltr'>di·</span> 
     </span>
     <span class='ocr_line' id='line_1_13' title="bbox 417 1879 1536 1982; baseline -0.01 -19"><span class='ocrx_word' id='word_1_120' title='bbox 417 1947 419 1952; x_wconf 84' lang='lat'><em>.</em></span> <span class='ocrx_word' id='word_1_121' title='bbox 464 1889 597 1979; x_wconf 86' lang='lat' dir='ltr'>„sIulit,</span> <span class='ocrx_word' id='word_1_122' title='bbox 622 1887 731 1982; x_wconf 83' lang='lat' dir='ltr'>sicque</span> <span class='ocrx_word' id='word_1_123' title='bbox 747 1892 936 1980; x_wconf 86' lang='lat' dir='ltr'>Imperator</span> <span class='ocrx_word' id='word_1_124' title='bbox 951 1881 1193 1955; x_wconf 68' lang='lat' dir='ltr'>maledislionia</span> <span class='ocrx_word' id='word_1_125' title='bbox 1213 1883 1361 1978; x_wconf 86' lang='lat' dir='ltr'>jaculum</span> <span class='ocrx_word' id='word_1_126' title='bbox 1382 1879 1492 1953; x_wconf 81' lang='lat' dir='ltr'>erasit.</span> <span class='ocrx_word' id='word_1_127' title='bbox 1511 1931 1536 1974; x_wconf 82' lang='lat'>,‚</span> 
     </span>
    </p>
   </div>
   <div class='ocr_carea' id='block_1_3' title="bbox 463 2072 1956 2732">
    <p class='ocr_par' dir='ltr' id='par_1_3' title="bbox 463 2072 1956 2732">
     <span class='ocr_line' id='line_1_14' title="bbox 584 2072 1951 2177; baseline -0.004 -23"><span class='ocrx_word' id='word_1_128' title='bbox 584 2081 747 2177; x_wconf 80' lang='lat' dir='ltr'>Adeoque</span> <span class='ocrx_word' id='word_1_129' title='bbox 772 2076 943 2148; x_wconf 83' lang='lat' dir='ltr'>molimina</span> <span class='ocrx_word' id='word_1_130' title='bbox 976 2073 1173 2146; x_wconf 80' lang='lat' dir='ltr'>Pontificum</span> <span class='ocrx_word' id='word_1_131' title='bbox 1208 2077 1241 2145; x_wconf 90' lang='lat' dir='ltr'>in</span> <span class='ocrx_word' id='word_1_132' title='bbox 1272 2075 1332 2146; x_wconf 90' lang='lat' dir='ltr'>hac</span> <span class='ocrx_word' id='word_1_133' title='bbox 1352 2072 1447 2146; x_wconf 90' lang='lat' dir='ltr'>causa</span> <span class='ocrx_word' id='word_1_134' title='bbox 1473 2101 1539 2146; x_wconf 91' lang='lat' dir='ltr'>non</span> <span class='ocrx_word' id='word_1_135' title='bbox 1565 2076 1712 2148; x_wconf 74' lang='lat' dir='ltr'>habuere</span> <span class='ocrx_word' id='word_1_136' title='bbox 1734 2073 1898 2148; x_wconf 62' lang='lat' dir='ltr'>effessum</span> <span class='ocrx_word' id='word_1_137' title='bbox 1917 2078 1951 2148; x_wconf 87' lang='lat' dir='ltr'>iu</span> 
     </span>
     <span class='ocr_line' id='line_1_15' title="bbox 466 2171 1955 2274; baseline -0.006 -18"><span class='ocrx_word' id='word_1_138' title='bbox 466 2185 659 2256; x_wconf 88' lang='lat' dir='ltr'>Germania.</span> <span class='ocrx_word' id='word_1_139' title='bbox 683 2203 742 2248; x_wconf 87' lang='lat' dir='ltr'>nec</span> <span class='ocrx_word' id='word_1_140' title='bbox 761 2200 900 2274; x_wconf 84' lang='lat' dir='ltr'>potuere</span> <span class='ocrx_word' id='word_1_141' title='bbox 919 2171 1040 2244; x_wconf 65' lang='lat' dir='ltr'>effectu</span> <span class='ocrx_word' id='word_1_142' title='bbox 1063 2172 1219 2266; x_wconf 81' lang='lat' dir='ltr'>gaudere.</span> <span class='ocrx_word' id='word_1_143' title='bbox 1245 2175 1283 2262; x_wconf 84' lang='lat' dir='ltr'>a)</span> <span class='ocrx_word' id='word_1_144' title='bbox 1304 2171 1532 2246; x_wconf 80' lang='lat' dir='ltr'>confirmatur</span> <span class='ocrx_word' id='word_1_145' title='bbox 1546 2198 1584 2245; x_wconf 85' lang='lat' dir='ltr'>ex</span> <span class='ocrx_word' id='word_1_146' title='bbox 1606 2201 1667 2250; x_wconf 74' lang='lat' dir='ltr'>co,</span> <span class='ocrx_word' id='word_1_147' title='bbox 1693 2174 1774 2245; x_wconf 91' lang='lat' dir='ltr'>dum</span> <span class='ocrx_word' id='word_1_148' title='bbox 1797 2173 1955 2274; x_wconf 80' lang='lat' dir='ltr'>Episcopi</span> 
     </span>
     <span class='ocr_line' id='line_1_16' title="bbox 465 2269 1952 2370; baseline -0.004 -17"><span class='ocrx_word' id='word_1_149' title='bbox 465 2284 654 2358; x_wconf 79' lang='lat' dir='ltr'>Germania</span> <span class='ocrx_word' id='word_1_150' title='bbox 664 2277 792 2349; x_wconf 77' lang='lat' dir='ltr'>Seculo</span> <span class='ocrx_word' id='word_1_151' title='bbox 809 2277 883 2344; x_wconf 90' lang='lat' dir='ltr'>XII.</span> <span class='ocrx_word' id='word_1_152' title='bbox 901 2271 1034 2342; x_wconf 79' lang='lat' dir='ltr'>&amp;XIII</span> <span class='ocrx_word' id='word_1_153' title='bbox 1054 2296 1122 2366; x_wconf 88' lang='lat' dir='ltr'>quo</span> <span class='ocrx_word' id='word_1_154' title='bbox 1140 2293 1293 2364; x_wconf 89' lang='lat' dir='ltr'>tempore</span> <span class='ocrx_word' id='word_1_155' title='bbox 1313 2272 1555 2342; x_wconf 81' lang='lat' dir='ltr'>taleaCanonca</span> <span class='ocrx_word' id='word_1_156' title='bbox 1571 2277 1603 2343; x_wconf 95' lang='lat' dir='ltr'>in</span> <span class='ocrx_word' id='word_1_157' title='bbox 1617 2269 1767 2344; x_wconf 86' lang='lat' dir='ltr'>favorem</span> <span class='ocrx_word' id='word_1_158' title='bbox 1789 2273 1952 2370; x_wconf 84' lang='lat' dir='ltr'>parocho·</span> 
     </span>
     <span class='ocr_line' id='line_1_17' title="bbox 463 2363 1955 2465; baseline -0.005 -14"><span class='ocrx_word' id='word_1_159' title='bbox 463 2405 540 2454; x_wconf 86' lang='lat' dir='ltr'>aum</span> <span class='ocrx_word' id='word_1_160' title='bbox 558 2379 613 2448; x_wconf 84' lang='lat' dir='ltr'>lati</span> <span class='ocrx_word' id='word_1_161' title='bbox 631 2375 720 2456; x_wconf 85' lang='lat' dir='ltr'>sunt,</span> <span class='ocrx_word' id='word_1_162' title='bbox 754 2373 859 2464; x_wconf 80' lang='lat' dir='ltr'>&amp;qui</span> <span class='ocrx_word' id='word_1_163' title='bbox 877 2367 935 2465; x_wconf 90' lang='lat' dir='ltr'>ipsi</span> <span class='ocrx_word' id='word_1_164' title='bbox 958 2363 1351 2440; x_wconf 82' lang='lat' dir='ltr'>interfueruntCoucilio</span> <span class='ocrx_word' id='word_1_165' title='bbox 1373 2375 1526 2440; x_wconf 86' lang='lat' dir='ltr'>Lateran.</span> <span class='ocrx_word' id='word_1_166' title='bbox 1545 2373 1607 2441; x_wconf 93' lang='lat' dir='ltr'>lll.</span> <span class='ocrx_word' id='word_1_167' title='bbox 1632 2373 1788 2442; x_wconf 78' lang='lat' dir='ltr'>Decimae</span> <span class='ocrx_word' id='word_1_168' title='bbox 1810 2393 1881 2442; x_wconf 87' lang='lat' dir='ltr'>tam</span> <span class='ocrx_word' id='word_1_169' title='bbox 1902 2395 1955 2444; x_wconf 87' lang='lat' dir='ltr'>or·</span> 
     </span>
     <span class='ocr_line' id='line_1_18' title="bbox 464 2461 1953 2568; baseline -0.005 -20"><span class='ocrx_word' id='word_1_170' title='bbox 464 2479 608 2548; x_wconf 78' lang='lat' dir='ltr'>dinarius</span> <span class='ocrx_word' id='word_1_171' title='bbox 633 2495 732 2568; x_wconf 89' lang='lat' dir='ltr'>quam</span> <span class='ocrx_word' id='word_1_172' title='bbox 760 2466 893 2538; x_wconf 85' lang='lat' dir='ltr'>novales</span> <span class='ocrx_word' id='word_1_173' title='bbox 914 2467 1001 2536; x_wconf 89' lang='lat' dir='ltr'>inter</span> <span class='ocrx_word' id='word_1_174' title='bbox 1027 2461 1097 2536; x_wconf 83' lang='lat' dir='ltr'>suaa</span> <span class='ocrx_word' id='word_1_175' title='bbox 1119 2489 1338 2536; x_wconf 89' lang='lat' dir='ltr'>numerarunt</span> <span class='ocrx_word' id='word_1_176' title='bbox 1361 2461 1551 2550; x_wconf 78' lang='lat' dir='ltr'>facultates,</span> <span class='ocrx_word' id='word_1_177' title='bbox 1583 2469 1616 2539; x_wconf 78' lang='lat' dir='ltr'>dr</span> <span class='ocrx_word' id='word_1_178' title='bbox 1644 2471 1766 2564; x_wconf 90' lang='lat' dir='ltr'>partim</span> <span class='ocrx_word' id='word_1_179' title='bbox 1786 2463 1953 2564; x_wconf 80' lang='lat' dir='ltr'>nequead</span> 
     </span>
     <span class='ocr_line' id='line_1_19' title="bbox 463 2560 1956 2732; baseline -0.005 -86"><span class='ocrx_word' id='word_1_180' title='bbox 463 2573 666 2647; x_wconf 84' lang='lat' dir='ltr'>hodiernum</span> <span class='ocrx_word' id='word_1_181' title='bbox 696 2569 784 2638; x_wconf 92' lang='lat' dir='ltr'>diem</span> <span class='ocrx_word' id='word_1_182' title='bbox 811 2560 943 2637; x_wconf 77' lang='lat' dir='ltr'>exclusis</span> <span class='ocrx_word' id='word_1_183' title='bbox 967 2563 1123 2730; x_wconf 78' lang='lat' dir='ltr'>parochis</span> <span class='ocrx_word' id='word_1_184' title='bbox 1147 2563 1398 2642; x_wconf 83' lang='lat' dir='ltr'>conservarunt,</span> <span class='ocrx_word' id='word_1_185' title='bbox 1431 2568 1554 2658; x_wconf 89' lang='lat' dir='ltr'>partim</span> <span class='ocrx_word' id='word_1_186' title='bbox 1583 2567 1702 2636; x_wconf 87' lang='lat' dir='ltr'>iisdem</span> <span class='ocrx_word' id='word_1_187' title='bbox 1726 2563 1956 2732; x_wconf 70' lang='lat' dir='ltr'>temporihut,</span> 
     </span>
    </p>
   </div>
   <div class='ocr_carea' id='block_1_4' title="bbox 368 2657 1959 3647">
    <p class='ocr_par' dir='ltr' id='par_1_4' title="bbox 368 2657 1959 3647">
     <span class='ocr_line' id='line_1_20' title="bbox 465 2657 1958 2768; baseline -0.005 -27"><span class='ocrx_word' id='word_1_188' title='bbox 465 2692 569 2768; x_wconf 92' lang='lat' dir='ltr'>prout</span> <span class='ocrx_word' id='word_1_189' title='bbox 584 2665 707 2739; x_wconf 89' lang='lat' dir='ltr'>conIIat</span> <span class='ocrx_word' id='word_1_190' title='bbox 729 2689 766 2734; x_wconf 84' lang='lat' dir='ltr'>ex</span> <span class='ocrx_word' id='word_1_191' title='bbox 791 2661 964 2756; x_wconf 87' lang='lat' dir='ltr'>diplomati</span> <span class='ocrx_word' id='word_1_192' title='bbox 992 2685 1028 2731; x_wconf 87' lang='lat' dir='ltr'>us</span> <span class='ocrx_word' id='word_1_193' title='bbox 1048 2657 1147 2754; x_wconf 90' lang='lat' dir='ltr'>supra</span> <span class='ocrx_word' id='word_1_194' title='bbox 1170 2661 1317 2754; x_wconf 83' lang='lat' dir='ltr'>allegatis</span> <span class='ocrx_word' id='word_1_195' title='bbox 1339 2662 1412 2732; x_wconf 81' lang='lat' dir='ltr'>aliis</span> <span class='ocrx_word' id='word_1_196' title='bbox 1433 2660 1583 2733; x_wconf 84' lang='lat' dir='ltr'>Ecclesria</span> <span class='ocrx_word' id='word_1_197' title='bbox 1604 2665 1656 2734; x_wconf 80' lang='lat' dir='ltr'>uel</span> <span class='ocrx_word' id='word_1_198' title='bbox 1679 2671 1783 2734; x_wconf 90' lang='lat' dir='ltr'>Mona</span> <span class='ocrx_word' id='word_1_199' title='bbox 1812 2667 1895 2734; x_wconf 74' lang='lat' dir='ltr'>erile</span> <span class='ocrx_word' id='word_1_200' title='bbox 1921 2665 1958 2734; x_wconf 83' lang='lat' dir='ltr'>it&#39;t</span> 
     </span>
     <span class='ocr_line' id='line_1_21' title="bbox 466 2755 1959 2857; baseline -0.005 -16"><span class='ocrx_word' id='word_1_201' title='bbox 466 2771 579 2843; x_wconf 89' lang='lat' dir='ltr'>dotem</span> <span class='ocrx_word' id='word_1_202' title='bbox 600 2766 652 2838; x_wconf 85' lang='lat' dir='ltr'>vel</span> <span class='ocrx_word' id='word_1_203' title='bbox 668 2765 758 2835; x_wconf 82' lang='lat' dir='ltr'>laicis</span> <span class='ocrx_word' id='word_1_204' title='bbox 775 2759 808 2833; x_wconf 89' lang='lat' dir='ltr'>in</span> <span class='ocrx_word' id='word_1_205' title='bbox 829 2755 968 2832; x_wconf 88' lang='lat' dir='ltr'>feudum</span> <span class='ocrx_word' id='word_1_206' title='bbox 989 2759 1203 2831; x_wconf 91' lang='lat' dir='ltr'>contulerunt</span> <span class='ocrx_word' id='word_1_207' title='bbox 1224 2755 1359 2833; x_wconf 80' lang='lat' dir='ltr'>exclusa</span> <span class='ocrx_word' id='word_1_208' title='bbox 1381 2760 1556 2855; x_wconf 83' lang='lat' dir='ltr'>parochis,</span> <span class='ocrx_word' id='word_1_209' title='bbox 1589 2786 1735 2857; x_wconf 87' lang='lat' dir='ltr'>quorum</span> <span class='ocrx_word' id='word_1_210' title='bbox 1756 2759 1870 2833; x_wconf 78' lang='lat' dir='ltr'>nullus</span> <span class='ocrx_word' id='word_1_211' title='bbox 1885 2784 1959 2833; x_wconf 89' lang='lat' dir='ltr'>tum</span> 
     </span>
     <span class='ocr_line' id='line_1_22' title="bbox 423 2844 1958 2963; baseline -0.005 -22"><span class='ocrx_word' id='word_1_212' title='bbox 423 2844 436 2873; x_wconf 56' lang='lat'>⁸</span> <span class='ocrx_word' id='word_1_213' title='bbox 465 2868 628 2963; x_wconf 84' lang='lat' dir='ltr'>temporis</span> <span class='ocrx_word' id='word_1_214' title='bbox 656 2859 688 2935; x_wconf 92' lang='lat' dir='ltr'>se</span> <span class='ocrx_word' id='word_1_215' title='bbox 711 2884 886 2957; x_wconf 90' lang='lat' dir='ltr'>opponere</span> <span class='ocrx_word' id='word_1_216' title='bbox 908 2858 958 2930; x_wconf 85' lang='lat' dir='ltr'>vel</span> <span class='ocrx_word' id='word_1_217' title='bbox 984 2855 1024 2926; x_wconf 88' lang='lat' dir='ltr'>ad</span> <span class='ocrx_word' id='word_1_218' title='bbox 1049 2854 1228 2954; x_wconf 71' lang='lat' dir='ltr'>praedisloa</span> <span class='ocrx_word' id='word_1_219' title='bbox 1254 2862 1406 2929; x_wconf 83' lang='lat' dir='ltr'>canones</span> <span class='ocrx_word' id='word_1_220' title='bbox 1434 2882 1618 2953; x_wconf 87' lang='lat' dir='ltr'>provocare</span> <span class='ocrx_word' id='word_1_221' title='bbox 1641 2856 1736 2931; x_wconf 86' lang='lat' dir='ltr'>ausus</span> <span class='ocrx_word' id='word_1_222' title='bbox 1756 2854 1841 2942; x_wconf 85' lang='lat' dir='ltr'>suit,</span> <span class='ocrx_word' id='word_1_223' title='bbox 1872 2858 1958 2933; x_wconf 82' lang='lat' dir='ltr'>bene</span> 
     </span>
     <span class='ocr_line' id='line_1_23' title="bbox 464 2952 1956 3055; baseline -0.006 -17"><span class='ocrx_word' id='word_1_224' title='bbox 464 2972 554 3039; x_wconf 91' lang='lat' dir='ltr'>enim</span> <span class='ocrx_word' id='word_1_225' title='bbox 572 2961 666 3055; x_wconf 84' lang='lat' dir='ltr'>gnari</span> <span class='ocrx_word' id='word_1_226' title='bbox 685 2984 779 3033; x_wconf 90' lang='lat' dir='ltr'>erant</span> <span class='ocrx_word' id='word_1_227' title='bbox 796 2956 933 3053; x_wconf 86' lang='lat' dir='ltr'>parochi</span> <span class='ocrx_word' id='word_1_228' title='bbox 957 2956 1038 3025; x_wconf 87' lang='lat' dir='ltr'>tales</span> <span class='ocrx_word' id='word_1_229' title='bbox 1059 2952 1287 3050; x_wconf 83' lang='lat' dir='ltr'>dispositiones</span> <span class='ocrx_word' id='word_1_230' title='bbox 1305 2952 1492 3027; x_wconf 79' lang='lat' dir='ltr'>Pontificius</span> <span class='ocrx_word' id='word_1_231' title='bbox 1516 2960 1547 3025; x_wconf 90' lang='lat' dir='ltr'>in</span> <span class='ocrx_word' id='word_1_232' title='bbox 1575 2960 1757 3029; x_wconf 87' lang='lat' dir='ltr'>Germania</span> <span class='ocrx_word' id='word_1_233' title='bbox 1780 2954 1956 3053; x_wconf 81' lang='lat' dir='ltr'>Episcopia</span> 
     </span>
     <span class='ocr_line' id='line_1_24' title="bbox 368 3050 1958 3155; baseline -0.006 -20"><span class='ocrx_word' id='word_1_234' title='bbox 368 3058 377 3073; x_wconf 74' lang='grc'><strong>”</strong></span> <span class='ocrx_word' id='word_1_235' title='bbox 464 3064 622 3155; x_wconf 81' lang='lat' dir='ltr'>legitimis</span> <span class='ocrx_word' id='word_1_236' title='bbox 647 3060 850 3129; x_wconf 88' lang='lat' dir='ltr'>decimarum</span> <span class='ocrx_word' id='word_1_237' title='bbox 873 3050 1103 3149; x_wconf 83' lang='lat' dir='ltr'>possessoribus</span> <span class='ocrx_word' id='word_1_238' title='bbox 1134 3054 1165 3125; x_wconf 80' lang='lat' dir='ltr'>dt</span> <span class='ocrx_word' id='word_1_239' title='bbox 1199 3054 1353 3124; x_wconf 83' lang='lat' dir='ltr'>omnihus</span> <span class='ocrx_word' id='word_1_240' title='bbox 1378 3054 1516 3145; x_wconf 84' lang='lat' dir='ltr'>reliquis</span> <span class='ocrx_word' id='word_1_241' title='bbox 1539 3059 1693 3131; x_wconf 81' lang='lat' dir='ltr'>Dec&#39;tmaa</span> <span class='ocrx_word' id='word_1_242' title='bbox 1716 3054 1756 3125; x_wconf 87' lang='lat' dir='ltr'>ab</span> <span class='ocrx_word' id='word_1_243' title='bbox 1780 3050 1958 3151; x_wconf 80' lang='lat' dir='ltr'>Episcopia</span> 
     </span>
     <span class='ocr_line' id='line_1_25' title="bbox 464 3148 1957 3249; baseline -0.005 -16"><span class='ocrx_word' id='word_1_244' title='bbox 464 3160 662 3233; x_wconf 84' lang='lat' dir='ltr'>habentibus</span> <span class='ocrx_word' id='word_1_245' title='bbox 681 3156 712 3224; x_wconf 80' lang='lat' dir='ltr'>dr</span> <span class='ocrx_word' id='word_1_246' title='bbox 731 3150 914 3245; x_wconf 81' lang='lat' dir='ltr'>Episcopus</span> <span class='ocrx_word' id='word_1_247' title='bbox 929 3155 963 3219; x_wconf 93' lang='lat' dir='ltr'>in</span> <span class='ocrx_word' id='word_1_248' title='bbox 990 3148 1111 3221; x_wconf 81' lang='lat' dir='ltr'>effellu</span> <span class='ocrx_word' id='word_1_249' title='bbox 1129 3149 1440 3249; x_wconf 78' lang='lat' dir='ltr'>representantibus</span> <span class='ocrx_word' id='word_1_250' title='bbox 1456 3151 1672 3249; x_wconf 75' lang='lat' dir='ltr'>prejudicare</span> <span class='ocrx_word' id='word_1_251' title='bbox 1688 3176 1754 3222; x_wconf 92' lang='lat' dir='ltr'>non</span> <span class='ocrx_word' id='word_1_252' title='bbox 1776 3148 1888 3247; x_wconf 48' lang='lat' dir='ltr'>pelliti</span> <span class='ocrx_word' id='word_1_253' title='bbox 1914 3174 1957 3225; x_wconf 79' lang='lat' dir='ltr'>ez</span> 
     </span>
     <span class='ocr_line' id='line_1_26' title="bbox 465 3245 1957 3353; baseline -0.003 -27"><span class='ocrx_word' id='word_1_254' title='bbox 465 3250 586 3353; x_wconf 83' lang='lat' dir='ltr'>¹quibus</span> <span class='ocrx_word' id='word_1_255' title='bbox 603 3254 643 3323; x_wconf 87' lang='lat' dir='ltr'>ad</span> <span class='ocrx_word' id='word_1_256' title='bbox 660 3251 806 3323; x_wconf 84' lang='lat' dir='ltr'>Oculum</span> <span class='ocrx_word' id='word_1_257' title='bbox 824 3270 933 3344; x_wconf 88' lang='lat' dir='ltr'>patet,</span> <span class='ocrx_word' id='word_1_258' title='bbox 957 3247 1046 3342; x_wconf 88' lang='lat' dir='ltr'>quod</span> <span class='ocrx_word' id='word_1_259' title='bbox 1062 3245 1158 3320; x_wconf 91' lang='lat' dir='ltr'>cesset</span> <span class='ocrx_word' id='word_1_260' title='bbox 1182 3252 1216 3319; x_wconf 91' lang='lat' dir='ltr'>in</span> <span class='ocrx_word' id='word_1_261' title='bbox 1239 3252 1421 3321; x_wconf 89' lang='lat' dir='ltr'>Germania</span> <span class='ocrx_word' id='word_1_262' title='bbox 1443 3248 1587 3320; x_wconf 74' lang='lat' dir='ltr'>&#39;allitata</span> <span class='ocrx_word' id='word_1_263' title='bbox 1605 3253 1659 3320; x_wconf 90' lang='lat' dir='ltr'>illa</span> <span class='ocrx_word' id='word_1_264' title='bbox 1675 3272 1803 3321; x_wconf 86' lang='lat' dir='ltr'>tantum</span> <span class='ocrx_word' id='word_1_265' title='bbox 1825 3248 1957 3321; x_wconf 77' lang='lat' dir='ltr'>&amp;aliae</span> 
     </span>
     <span class='ocr_line' id='line_1_27' title="bbox 465 3276 1959 3447; baseline -0.003 -21"><span class='ocrx_word' id='word_1_266' title='bbox 465 3378 533 3427; x_wconf 86' lang='lat' dir='ltr'>tam</span> <span class='ocrx_word' id='word_1_267' title='bbox 556 3349 653 3423; x_wconf 87' lang='lat' dir='ltr'>fortis</span> <span class='ocrx_word' id='word_1_268' title='bbox 671 3351 763 3447; x_wconf 87' lang='lat' dir='ltr'>Juris</span> <span class='ocrx_word' id='word_1_269' title='bbox 788 3347 985 3417; x_wconf 83' lang='lat' dir='ltr'>Communis</span> <span class='ocrx_word' id='word_1_270' title='bbox 1008 3369 1072 3441; x_wconf 88' lang='lat' dir='ltr'>pro</span> <span class='ocrx_word' id='word_1_271' title='bbox 1125 3348 1249 3417; x_wconf 92' lang='lat' dir='ltr'>arocho</span> <span class='ocrx_word' id='word_1_272' title='bbox 1275 3346 1408 3417; x_wconf 87' lang='lat' dir='ltr'>aliunde</span> <span class='ocrx_word' id='word_1_273' title='bbox 1430 3276 1697 3419; x_wconf 84' lang='lat' dir='ltr'>sustentationem</span> <span class='ocrx_word' id='word_1_274' title='bbox 1721 3371 1788 3418; x_wconf 91' lang='lat' dir='ltr'>non</span> <span class='ocrx_word' id='word_1_275' title='bbox 1811 3344 1959 3421; x_wconf 83' lang='lat' dir='ltr'>habente</span> 
     </span>
     <span class='ocr_line' id='line_1_28' title="bbox 466 3368 1958 3551; baseline -0.004 -28"><span class='ocrx_word' id='word_1_276' title='bbox 466 3448 595 3551; x_wconf 72' lang='lat' dir='ltr'>pensio</span> <span class='ocrx_word' id='word_1_277' title='bbox 611 3450 815 3519; x_wconf 79' lang='lat' dir='ltr'>decimarum</span> <span class='ocrx_word' id='word_1_278' title='bbox 831 3443 999 3515; x_wconf 87' lang='lat' dir='ltr'>novalium</span> <span class='ocrx_word' id='word_1_279' title='bbox 1016 3368 1251 3539; x_wconf 63' lang='lat' dir='ltr'>praesumptio,</span> <span class='ocrx_word' id='word_1_280' title='bbox 1280 3466 1356 3513; x_wconf 86' lang='lat' dir='ltr'>curn</span> <span class='ocrx_word' id='word_1_281' title='bbox 1375 3440 1554 3515; x_wconf 91' lang='lat' dir='ltr'>secundum</span> <span class='ocrx_word' id='word_1_282' title='bbox 1572 3442 1668 3541; x_wconf 84' lang='lat' dir='ltr'>supra</span> <span class='ocrx_word' id='word_1_283' title='bbox 1687 3438 1829 3515; x_wconf 73' lang='lat' dir='ltr'>dedaste</span> <span class='ocrx_word' id='word_1_284' title='bbox 1844 3448 1958 3517; x_wconf 77' lang='lat' dir='ltr'>omnic</span> 
     </span>
     <span class='ocr_line' id='line_1_29' title="bbox 464 3538 1959 3647; baseline -0.006 -25"><span class='ocrx_word' id='word_1_285' title='bbox 464 3552 557 3647; x_wconf 83' lang='lat' dir='ltr'>Jurit</span> <span class='ocrx_word' id='word_1_286' title='bbox 583 3548 779 3621; x_wconf 88' lang='lat' dir='ltr'>Communis</span> <span class='ocrx_word' id='word_1_287' title='bbox 798 3546 885 3613; x_wconf 89' lang='lat' dir='ltr'>circa</span> <span class='ocrx_word' id='word_1_288' title='bbox 908 3542 991 3611; x_wconf 85' lang='lat' dir='ltr'>hanc</span> <span class='ocrx_word' id='word_1_289' title='bbox 1016 3542 1189 3613; x_wconf 89' lang='lat' dir='ltr'>materiam</span> <span class='ocrx_word' id='word_1_290' title='bbox 1212 3538 1382 3637; x_wconf 83' lang='lat' dir='ltr'>dispofltio</span> <span class='ocrx_word' id='word_1_291' title='bbox 1405 3542 1531 3613; x_wconf 88' lang='lat' dir='ltr'>nullam</span> <span class='ocrx_word' id='word_1_292' title='bbox 1554 3568 1701 3641; x_wconf 82' lang='lat' dir='ltr'>unquam</span> <span class='ocrx_word' id='word_1_293' title='bbox 1724 3540 1880 3615; x_wconf 85' lang='lat' dir='ltr'>hahuerit</span> <span class='ocrx_word' id='word_1_294' title='bbox 1899 3540 1959 3615; x_wconf 85' lang='lat' dir='ltr'>trel</span> 
     </span>
    </p>
   </div>
   <div class='ocr_carea' id='block_1_5' title="bbox 465 3636 1960 3867">
    <p class='ocr_par' dir='ltr' id='par_1_5' title="bbox 465 3636 1960 3867">
     <span class='ocr_line' id='line_1_30' title="bbox 465 3636 1056 3742; baseline -0.022 -23"><span class='ocrx_word' id='word_1_295' title='bbox 465 3646 589 3719; x_wconf 87' lang='lat' dir='ltr'>habere</span> <span class='ocrx_word' id='word_1_296' title='bbox 614 3640 709 3742; x_wconf 78' lang='lat' dir='ltr'>possn</span> <span class='ocrx_word' id='word_1_297' title='bbox 731 3641 999 3741; x_wconf 87' lang='lat' dir='ltr'>applicationem.</span> <span class='ocrx_word' id='word_1_298' title='bbox 1019 3636 1056 3735; x_wconf 81' lang='lat' dir='ltr'>l)</span> 
     </span>
     <span class='ocr_line' id='line_1_31' title="bbox 1792 3774 1960 3867; baseline -0.054 -20"><span class='ocrx_word' id='word_1_299' title='bbox 1792 3774 1821 3867; x_wconf 58' lang='grc' dir='ltr'>ς.</span> <span class='ocrx_word' id='word_1_300' title='bbox 1846 3776 1960 3845; x_wconf 82' lang='lat' dir='ltr'>xxv.</span> 
     </span>
    </p>
   </div>
   <div class='ocr_carea' id='block_1_6' title="bbox 390 3956 1958 4045">
    <p class='ocr_par' dir='ltr' id='par_1_6' title="bbox 390 3956 1958 4045">
     <span class='ocr_line' id='line_1_32' title="bbox 390 3956 1958 4045; baseline 0.002 -18"><span class='ocrx_word' id='word_1_301' title='bbox 390 3962 396 3975; x_wconf 88' lang='lat'>&#39;</span> <span class='ocrx_word' id='word_1_302' title='bbox 505 3966 540 4045; x_wconf 75' lang='lat' dir='ltr'>a)</span> <span class='ocrx_word' id='word_1_303' title='bbox 558 3961 727 4039; x_wconf 81' lang='lat' dir='ltr'>Epistolam</span> <span class='ocrx_word' id='word_1_304' title='bbox 742 3958 823 4023; x_wconf 89' lang='lat' dir='ltr'>hanc</span> <span class='ocrx_word' id='word_1_305' title='bbox 835 3980 876 4021; x_wconf 82' lang='lat' dir='ltr'>ex</span> <span class='ocrx_word' id='word_1_306' title='bbox 893 3956 1010 4021; x_wconf 85' lang='lat' dir='ltr'>Codice</span> <span class='ocrx_word' id='word_1_307' title='bbox 1029 3958 1240 4040; x_wconf 87' lang='lat' dir='ltr'>lllanuscripto</span> <span class='ocrx_word' id='word_1_308' title='bbox 1258 3958 1346 4039; x_wconf 74' lang='lat' dir='ltr'>lllng.</span> <span class='ocrx_word' id='word_1_309' title='bbox 1367 3980 1383 4021; x_wconf 86' lang='lat' dir='ltr'>a</span> <span class='ocrx_word' id='word_1_310' title='bbox 1403 3959 1597 4024; x_wconf 76' lang='lat' dir='ltr'>Srtrartaro</span> <span class='ocrx_word' id='word_1_311' title='bbox 1618 3962 1801 4045; x_wconf 83' lang='lat' dir='ltr'>descriptam</span> <span class='ocrx_word' id='word_1_312' title='bbox 1820 3964 1958 4029; x_wconf 85' lang='lat' dir='ltr'>exhibet</span> 
     </span>
    </p>
   </div>
   <div class='ocr_carea' id='block_1_7' title="bbox 464 4040 1957 4209">
    <p class='ocr_par' dir='ltr' id='par_1_7' title="bbox 464 4040 1957 4209">
     <span class='ocr_line' id='line_1_33' title="bbox 580 4040 1957 4125; baseline 0.002 -16"><span class='ocrx_word' id='word_1_313' title='bbox 580 4044 816 4109; x_wconf 76' lang='lat' dir='ltr'>Haerzrrernr.</span> <span class='ocrx_word' id='word_1_314' title='bbox 839 4040 932 4104; x_wconf 84' lang='lat' dir='ltr'>Tum.</span> <span class='ocrx_word' id='word_1_315' title='bbox 961 4041 1016 4103; x_wconf 93' lang='lat' dir='ltr'>lll.</span> <span class='ocrx_word' id='word_1_316' title='bbox 1052 4062 1129 4105; x_wconf 82' lang='lat' dir='ltr'>tout.</span> <span class='ocrx_word' id='word_1_317' title='bbox 1151 4062 1246 4123; x_wconf 79' lang='lat' dir='ltr'>germ.</span> <span class='ocrx_word' id='word_1_318' title='bbox 1273 4065 1301 4121; x_wconf 88' lang='lat' dir='ltr'>p.</span> <span class='ocrx_word' id='word_1_319' title='bbox 1319 4062 1389 4123; x_wconf 76' lang='lat'><strong>434.</strong></span> <span class='ocrx_word' id='word_1_320' title='bbox 1414 4046 1529 4105; x_wconf 88' lang='lat' dir='ltr'>ibidem</span> <span class='ocrx_word' id='word_1_321' title='bbox 1554 4068 1582 4125; x_wconf 86' lang='lat' dir='ltr'>p.</span> <span class='ocrx_word' id='word_1_322' title='bbox 1598 4065 1669 4125; x_wconf 72' lang='lat'>433.</span> <span class='ocrx_word' id='word_1_323' title='bbox 1704 4046 1957 4113; x_wconf 69' lang='lat' dir='ltr'>exterconradi</span> 
     </span>
     <span class='ocr_line' id='line_1_34' title="bbox 464 4123 1688 4209; baseline 0.001 -19"><span class='ocrx_word' id='word_1_324' title='bbox 464 4170 466 4175; x_wconf 92' lang='lat'>-</span> <span class='ocrx_word' id='word_1_325' title='bbox 584 4126 818 4209; x_wconf 87' lang='lat' dir='ltr'>Archiepiscopi</span> <span class='ocrx_word' id='word_1_326' title='bbox 837 4124 923 4207; x_wconf 82' lang='lat' dir='ltr'>Illog.</span> <span class='ocrx_word' id='word_1_327' title='bbox 941 4123 1078 4205; x_wconf 79' lang='lat' dir='ltr'>Epistola</span> <span class='ocrx_word' id='word_1_328' title='bbox 1097 4128 1126 4189; x_wconf 90' lang='lat' dir='ltr'>in</span> <span class='ocrx_word' id='word_1_329' title='bbox 1139 4126 1196 4187; x_wconf 91' lang='lat' dir='ltr'>hac</span> <span class='ocrx_word' id='word_1_330' title='bbox 1214 4126 1308 4188; x_wconf 86' lang='lat' dir='ltr'>Causa</span> <span class='ocrx_word' id='word_1_331' title='bbox 1325 4128 1362 4187; x_wconf 88' lang='lat' dir='ltr'>ad</span> <span class='ocrx_word' id='word_1_332' title='bbox 1376 4128 1555 4189; x_wconf 67' lang='lat' dir='ltr'>cardinales</span> <span class='ocrx_word' id='word_1_333' title='bbox 1570 4128 1688 4209; x_wconf 87' lang='lat' dir='ltr'>scripta.</span> 
     </span>
    </p>
   </div>
   <div class='ocr_carea' id='block_1_8' title="bbox 459 4241 1958 4819">
    <p class='ocr_par' dir='ltr' id='par_1_8' title="bbox 459 4241 1958 4743">
     <span class='ocr_line' id='line_1_35' title="bbox 508 4241 1955 4329; baseline 0.006 -24"><span class='ocrx_word' id='word_1_334' title='bbox 508 4244 544 4322; x_wconf 69' lang='lat' dir='ltr'>h),</span> <span class='ocrx_word' id='word_1_335' title='bbox 561 4244 717 4313; x_wconf 80' lang='lat' dir='ltr'>lateralia</span> <span class='ocrx_word' id='word_1_336' title='bbox 734 4244 826 4305; x_wconf 89' lang='lat' dir='ltr'>etiam</span> <span class='ocrx_word' id='word_1_337' title='bbox 841 4241 985 4304; x_wconf 85' lang='lat' dir='ltr'>statuitur</span> <span class='ocrx_word' id='word_1_338' title='bbox 998 4244 1029 4305; x_wconf 86' lang='lat' dir='ltr'>In</span> <span class='ocrx_word' id='word_1_339' title='bbox 1042 4242 1115 4323; x_wconf 85' lang='lat' dir='ltr'>Cap.</span> <span class='ocrx_word' id='word_1_340' title='bbox 1133 4262 1162 4307; x_wconf 86' lang='lat'>2.</span> <span class='ocrx_word' id='word_1_341' title='bbox 1188 4244 1224 4305; x_wconf 83' lang='lat' dir='ltr'>de</span> <span class='ocrx_word' id='word_1_342' title='bbox 1236 4244 1326 4328; x_wconf 72' lang='lat' dir='ltr'>restit.</span> <span class='ocrx_word' id='word_1_343' title='bbox 1344 4242 1464 4323; x_wconf 72' lang='lat' dir='ltr'>spoliati.</span> <span class='ocrx_word' id='word_1_344' title='bbox 1483 4245 1514 4306; x_wconf 89' lang='lat' dir='ltr'>in</span> <span class='ocrx_word' id='word_1_345' title='bbox 1528 4246 1558 4307; x_wconf 88' lang='lat'>6.</span> <span class='ocrx_word' id='word_1_346' title='bbox 1580 4248 1686 4325; x_wconf 84' lang='lat' dir='ltr'>qrrnd,</span> <span class='ocrx_word' id='word_1_347' title='bbox 1711 4246 1786 4309; x_wconf 87' lang='lat' dir='ltr'>licet</span> <span class='ocrx_word' id='word_1_348' title='bbox 1801 4248 1836 4311; x_wconf 88' lang='lat' dir='ltr'>vi</span> <span class='ocrx_word' id='word_1_349' title='bbox 1858 4246 1955 4329; x_wconf 79' lang='lat' dir='ltr'>ipsine</span> 
     </span>
     <span class='ocr_line' id='line_1_36' title="bbox 579 4324 1957 4411; baseline 0.004 -22"><span class='ocrx_word' id='word_1_350' title='bbox 579 4328 660 4401; x_wconf 82' lang='lat' dir='ltr'>luris</span> <span class='ocrx_word' id='word_1_351' title='bbox 678 4326 797 4388; x_wconf 79' lang='lat' dir='ltr'>Cannu.</span> <span class='ocrx_word' id='word_1_352' title='bbox 815 4324 964 4405; x_wconf 80' lang='lat' dir='ltr'>spoliatus</span> <span class='ocrx_word' id='word_1_353' title='bbox 987 4342 1060 4387; x_wconf 87' lang='lat' dir='ltr'>ante</span> <span class='ocrx_word' id='word_1_354' title='bbox 1077 4329 1182 4387; x_wconf 89' lang='lat' dir='ltr'>omnia</span> <span class='ocrx_word' id='word_1_355' title='bbox 1199 4326 1234 4387; x_wconf 92' lang='lat' dir='ltr'>lit</span> <span class='ocrx_word' id='word_1_356' title='bbox 1252 4325 1477 4396; x_wconf 77' lang='lat' dir='ltr'>restituendus,</span> <span class='ocrx_word' id='word_1_357' title='bbox 1499 4340 1603 4389; x_wconf 83' lang='lat' dir='ltr'>tamen</span> <span class='ocrx_word' id='word_1_358' title='bbox 1623 4328 1693 4391; x_wconf 83' lang='lat' dir='ltr'>hacc</span> <span class='ocrx_word' id='word_1_359' title='bbox 1713 4330 1822 4407; x_wconf 68' lang='lat' dir='ltr'>tegula</span> <span class='ocrx_word' id='word_1_360' title='bbox 1840 4324 1957 4411; x_wconf 81' lang='lat' dir='ltr'>proce·</span> 
     </span>
     <span class='ocr_line' id='line_1_37' title="bbox 459 4408 1958 4493; baseline 0.005 -25"><span class='ocrx_word' id='word_1_361' title='bbox 459 4426 466 4493; x_wconf 60' lang='lat' dir='ltr'><strong>J</strong></span> <span class='ocrx_word' id='word_1_362' title='bbox 580 4412 653 4471; x_wconf 84' lang='lat' dir='ltr'>dere</span> <span class='ocrx_word' id='word_1_363' title='bbox 669 4408 749 4470; x_wconf 88' lang='lat' dir='ltr'>haud</span> <span class='ocrx_word' id='word_1_364' title='bbox 765 4409 876 4473; x_wconf 84' lang='lat' dir='ltr'>debeat</span> <span class='ocrx_word' id='word_1_365' title='bbox 889 4420 998 4469; x_wconf 85' lang='lat' dir='ltr'>contra</span> <span class='ocrx_word' id='word_1_366' title='bbox 1014 4408 1184 4487; x_wconf 87' lang='lat' dir='ltr'>parochum</span> <span class='ocrx_word' id='word_1_367' title='bbox 1201 4408 1419 4487; x_wconf 82' lang='lat' dir='ltr'>spoliatorem.</span> <span class='ocrx_word' id='word_1_368' title='bbox 1442 4428 1543 4489; x_wconf 83' lang='lat' dir='ltr'>neque</span> <span class='ocrx_word' id='word_1_369' title='bbox 1558 4411 1609 4479; x_wconf 69' lang='lat' dir='ltr'>hic</span> <span class='ocrx_word' id='word_1_370' title='bbox 1631 4424 1777 4473; x_wconf 86' lang='lat' dir='ltr'>tencatur</span> <span class='ocrx_word' id='word_1_371' title='bbox 1791 4410 1958 4485; x_wconf 78' lang='lat' dir='ltr'>restituere</span> 
     </span>
     <span class='ocr_line' id='line_1_38' title="bbox 580 4489 1955 4573; baseline 0.007 -24"><span class='ocrx_word' id='word_1_372' title='bbox 580 4490 695 4565; x_wconf 85' lang='lat' dir='ltr'>spolia,</span> <span class='ocrx_word' id='word_1_373' title='bbox 715 4492 736 4553; x_wconf 90' lang='lat' dir='ltr'>li</span> <span class='ocrx_word' id='word_1_374' title='bbox 750 4492 896 4573; x_wconf 88' lang='lat' dir='ltr'>spoliavit</span> <span class='ocrx_word' id='word_1_375' title='bbox 912 4502 1100 4553; x_wconf 87' lang='lat' dir='ltr'>extraneum</span> <span class='ocrx_word' id='word_1_376' title='bbox 1120 4490 1316 4551; x_wconf 87' lang='lat' dir='ltr'>Decimarutn</span> <span class='ocrx_word' id='word_1_377' title='bbox 1330 4489 1549 4571; x_wconf 76' lang='lat' dir='ltr'>possessorem,</span> <span class='ocrx_word' id='word_1_378' title='bbox 1574 4512 1684 4555; x_wconf 82' lang='lat' dir='ltr'>verum</span> <span class='ocrx_word' id='word_1_379' title='bbox 1702 4496 1797 4555; x_wconf 87' lang='lat' dir='ltr'>etiarn</span> <span class='ocrx_word' id='word_1_380' title='bbox 1812 4494 1883 4557; x_wconf 78' lang='lat' dir='ltr'>haec</span> <span class='ocrx_word' id='word_1_381' title='bbox 1899 4496 1955 4569; x_wconf 81' lang='lat' dir='ltr'>Ju-</span> 
     </span>
     <span class='ocr_line' id='line_1_39' title="bbox 580 4570 1954 4655; baseline 0.006 -23"><span class='ocrx_word' id='word_1_382' title='bbox 580 4574 622 4632; x_wconf 89' lang='lat' dir='ltr'>tis</span> <span class='ocrx_word' id='word_1_383' title='bbox 640 4570 757 4633; x_wconf 84' lang='lat' dir='ltr'>Canon.</span> <span class='ocrx_word' id='word_1_384' title='bbox 775 4574 952 4653; x_wconf 78' lang='lat' dir='ltr'>dispositio,</span> <span class='ocrx_word' id='word_1_385' title='bbox 976 4584 1048 4632; x_wconf 91' lang='lat' dir='ltr'>utut</span> <span class='ocrx_word' id='word_1_386' title='bbox 1063 4570 1230 4634; x_wconf 77' lang='lat' dir='ltr'>Clarissima</span> <span class='ocrx_word' id='word_1_387' title='bbox 1247 4574 1277 4632; x_wconf 87' lang='lat' dir='ltr'>ln</span> <span class='ocrx_word' id='word_1_388' title='bbox 1299 4570 1443 4633; x_wconf 86' lang='lat' dir='ltr'>savorem</span> <span class='ocrx_word' id='word_1_389' title='bbox 1461 4576 1671 4655; x_wconf 83' lang='lat' dir='ltr'>parochorum</span> <span class='ocrx_word' id='word_1_390' title='bbox 1688 4578 1749 4638; x_wconf 85' lang='lat' dir='ltr'>lata</span> <span class='ocrx_word' id='word_1_391' title='bbox 1771 4580 1803 4637; x_wconf 88' lang='lat' dir='ltr'>in</span> <span class='ocrx_word' id='word_1_392' title='bbox 1819 4576 1954 4640; x_wconf 84' lang='lat' dir='ltr'>Germa·</span> 
     </span>
     <span class='ocr_line' id='line_1_40' title="bbox 581 4653 1953 4743; baseline 0.007 -29"><span class='ocrx_word' id='word_1_393' title='bbox 581 4655 631 4715; x_wconf 81' lang='lat' dir='ltr'>nia</span> <span class='ocrx_word' id='word_1_394' title='bbox 647 4671 700 4733; x_wconf 89' lang='lat' dir='ltr'>pet</span> <span class='ocrx_word' id='word_1_395' title='bbox 723 4658 880 4724; x_wconf 75' lang='lat' dir='ltr'>notoriam</span> <span class='ocrx_word' id='word_1_396' title='bbox 901 4658 1011 4735; x_wconf 85' lang='lat' dir='ltr'>praxin</span> <span class='ocrx_word' id='word_1_397' title='bbox 1030 4654 1145 4715; x_wconf 86' lang='lat' dir='ltr'>nullam</span> <span class='ocrx_word' id='word_1_398' title='bbox 1168 4653 1261 4715; x_wconf 86' lang='lat' dir='ltr'>habet</span> <span class='ocrx_word' id='word_1_399' title='bbox 1281 4656 1544 4735; x_wconf 80' lang='lat' dir='ltr'>applicationem.</span> <span class='ocrx_word' id='word_1_400' title='bbox 1568 4662 1643 4722; x_wconf 88' lang='lat' dir='ltr'>dum</span> <span class='ocrx_word' id='word_1_401' title='bbox 1666 4673 1777 4723; x_wconf 83' lang='lat' dir='ltr'>contra</span> <span class='ocrx_word' id='word_1_402' title='bbox 1796 4658 1953 4743; x_wconf 85' lang='lat' dir='ltr'>spoliato·</span> 
     </span>
    </p>

    <p class='ocr_par' dir='ltr' id='par_1_9' title="bbox 579 4732 1560 4819">
     <span class='ocr_line' id='line_1_41' title="bbox 579 4732 1560 4819; baseline 0.006 -20"><span class='ocrx_word' id='word_1_403' title='bbox 579 4753 630 4799; x_wconf 85' lang='lat' dir='ltr'>tea</span> <span class='ocrx_word' id='word_1_404' title='bbox 642 4735 800 4819; x_wconf 81' lang='lat' dir='ltr'>parochos</span> <span class='ocrx_word' id='word_1_405' title='bbox 813 4739 845 4801; x_wconf 88' lang='lat' dir='ltr'>iu</span> <span class='ocrx_word' id='word_1_406' title='bbox 856 4732 995 4803; x_wconf 78' lang='lat' dir='ltr'>Decimio</span> <span class='ocrx_word' id='word_1_407' title='bbox 1007 4752 1080 4801; x_wconf 82' lang='lat' dir='ltr'>aute</span> <span class='ocrx_word' id='word_1_408' title='bbox 1089 4738 1195 4801; x_wconf 84' lang='lat' dir='ltr'>omuia</span> <span class='ocrx_word' id='word_1_409' title='bbox 1211 4736 1333 4817; x_wconf 83' lang='lat' dir='ltr'>spoliati</span> <span class='ocrx_word' id='word_1_410' title='bbox 1346 4738 1560 4806; x_wconf 83' lang='lat' dir='ltr'>restituuntur.</span> 
     </span>
    </p>
   </div>
   <div class='ocr_carea' id='block_1_9' title="bbox 0 0 2399 5550">
    <p class='ocr_par' dir='ltr' id='par_1_10' title="bbox 0 0 2399 5550">
     <span class='ocr_line' id='line_1_42' title="bbox 0 0 2399 5550; baseline 0 0"><span class='ocrx_word' id='word_1_411' title='bbox 0 0 2399 5550; x_wconf 95' lang='lat' dir='ltr'> </span> 
     </span>
    </p>
   </div>
  </div>
 </body>
</html>
