4784 5550
471 603 664 682 nc,
926 587 1506 666 nissss-RTATlo

1180 823 1188 846 .
1239 769 1283 844 Χ.

586 905 711 981 Totius
727 901 973 980 controuersiae
989 926 1090 1004 caput
1112 773 1229 978 ad§hts
1250 903 1332 974 ditas
1348 901 1459 976 redire
1474 901 1610 980 videtur
1624 901 1858 1004 qutesliooes:

586 1073 620 1162 t)
651 1079 775 1144 Vtrum
802 1073 957 1146 omnibus
980 1057 1168 1149 indillinsle
1190 1071 1364 1148 catholicis
1389 1071 1632 1174 consequenter
1652 1077 1755 1149 eiiam
1778 1071 1956 1184 lieligiosa¹

467 1167 621 1278 professis
637 1196 676 1244 es
696 1174 731 1244 in
752 1169 881 1264 legibus
906 1177 1047 1272 Imperii
1062 1169 1208 1248 concessa
1227 1167 1266 1246 fit
1283 1168 1503 1246 constitutine
1524 1169 1678 1254 libertas,
1703 1197 1738 1246 st
1758 1175 1801 1248 td
1817 1171 1952 1274 religio'·

465 1295 543 1347 netu
557 1267 828 1370 protellantiesm
845 1268 981 1345 transire
993 1293 1028 1347 et
1044 1275 1132 1348 tatii
1153 1269 1229 1346 titi
1242 1269 1385 1370 proprio
1398 1271 1432 1344 le
1445 1269 1590 1346 liberare
1604 1267 1755 1372 polline?

582 1441 634 1534 ii)
660 1446 786 1515 Vtrum
808 1436 960 1512 transitus
982 1439 1023 1556 td
1042 1439 1241 1558 religionem
1253 1437 1525 1557 protestanticam
1540 1441 1685 1520 eundem
1700 1439 1818 1520 sortiri
1834 1439 1950 1522 deberi

467 1534 645 1625 effessum,
669 1562 771 1638 quein
788 1536 887 1611 habet
903 1535 1023 1611 summi
1044 1537 1214 1613 Pontificis
1228 1535 1453 1639 dispensatio?
1947 1569 1951 1578 ·

773 1783 1000 1890 Responfio
1028 1777 1077 1862 ad
1108 1779 1286 1888 primam
1319 1781 1635 1890 Quaestionem:

468 1938 512 2018 V
505 1958 603 2016 trum
618 1937 774 2018 crinibus
789 1941 985 2034 indisti'nsle
1005 1937 1198 2016 Catholicis
1211 1945 1454 2047 consequenter
1467 1951 1578 2022 etium
1592 1942 1779 2048 Religiofic
1785 1943 1947 2042 proftffir

464 2088 503 2137 ea
519 2064 559 2136 in
584 2057 717 2164 legibus
742 2061 888 2162 Imperii
909 2059 1055 2154 conccffli
1069 2059 1122 2152 fic
1148 2061 1380 2156 conscientiae
1402 2060 1565 2145 libertas,
1606 2075 1651 2134 vt
1673 2059 1723 2134 tid
1739 2059 1949 2160 religionem

575 2179 867 2278 protestanticniii
887 2176 1089 2270 transirem
1104 2176 1200 2248 votis
1217 2178 1296 2252 aditi
1302 2177 1501 2280 propriofi
1512 2173 1834 2276 libernrepofflnt?

1127 2371 1156 2452 t·
1208 2360 1278 2434 iti.

576 2501 672 2568 Haec
690 2491 869 2590 Qiaeslio,
895 2491 1021 2568 etiams
1037 2497 1139 2588 gratis
1154 2495 1244 2566 illam
1261 2493 1479 2584 largiremur,
1501 2519 1573 2568 tem
1590 2497 1730 2572 minime
1744 2495 1945 2576 conficeret:

461 2617 565 2692 quum
588 2620 606 2664 a
629 2589 784 2686 permillo
809 2594 848 2662 sd
879 2589 965 2663 saera
988 2591 1218 2687 protestaniica
1240 2591 1374 2663 transitu
1396 2591 1537 2664 necdum
1561 2595 1600 2665 ad
1622 2619 1861 2691 recuperatum
1886 2601 1944 2670 litt

458 2691 700 2766 hereditarium
717 2691 916 2762 concludere
935 2693 1040 2763 liceat.
1090 2698 1182 2762 Nam
1199 2688 1277 2762 ficut
1296 2687 1500 2760 reseruatum
1520 2690 1770 2764 ecclesallieum
1792 2693 1944 2771 libertati

458 2788 677 2864 eonscientiae
692 2815 757 2859 non
780 2788 902 2862 obslat:
938 2793 982 2861 ita
1002 2794 1103 2862 etiam
1121 2816 1187 2861 non
1215 2785 1381 2862 concessus
1404 2789 1443 2857 ad
1467 2791 1687 2863 hereditatem
1709 2794 1943 2869 renunciatum

456 2885 619 2983 regressus
634 2887 701 2958 tillo
717 2887 818 2959 modo
835 2892 864 2959 ei
885 2884 1019 2961 officere
1040 2887 1164 2984 potesl:
1198 2887 1335 2958 credere
1356 2890 1445 2957 eiiim
1469 2912 1569 2961 nemo
1589 2914 1656 2961 non
1677 2886 1784 2985 potell
1805 2894 1943 2979 omnis,

456 3012 542 3084 quae
568 2984 756 3079 Augustana
779 2982 944 3057 Confessio
964 2988 1128 3059 credenda
1144 2986 1242 3057 docet
1266 3009 1298 3054 ei
1315 2981 1530 3080 praeseribit,
1561 2991 1642 3080 quin
1664 2988 1750 3059 hane
1770 2986 1824 3061 vel
1847 2990 1942 3063 illam

455 3086 695 3164 hereditatem,
721 3088 773 3155 eui
799 3082 999 3179 potissimum
1023 3085 1173 3177 legitime
1196 3084 1424 3161 renunciauit,
1456 3082 1615 3156 lucretur.
1668 3089 1748 3159 Hoc
1768 3088 1941 3161 Catholici

455 3207 546 3257 mota
562 3189 594 3252 in
612 3178 806 3253 iraslaiibus
828 3185 918 3251 l’ecis
937 3179 1179 3277 Weslphalicae
1201 3177 1301 3276 super
1325 3176 1495 3251 reseruata
1511 3178 1943 3259 ecclesiastieoeantrouer·

454 3280 497 3353 da
524 3279 632 3375 palam
660 3276 724 3349 suia
747 3281 779 3348 in
800 3278 1048 3368 grauamiitibus
1073 3277 1284 3349 declarabant
1305 3276 1467 3347 verbis*:
1515 3280 1743 3355 “Libertatem
1768 3280 1939 3357 eonscien-

455 3382 543 3467 ‚,tiae
558 3399 613 3449 aut
625 3373 742 3447 llatum
759 3372 1083 3447 Confeslionillarum
1099 3400 1160 3472 pet
1174 3375 1258 3447 illud
1271 3375 1359 3446 idem
1375 3370 1578 3448 reseruaium
1593 3402 1660 3451 non
1676 3381 1815 3463 violari,
1833 3405 1940 3479 quan·

455 3473 662 3573 „doquidein
681 3476 832 3545 neutrius
847 3474 1020 3567 religionis
1036 3475 1184 3546 conditio
1199 3497 1254 3545 aitt
1269 3476 1355 3543 ratio
1371 3477 1494 3565 eiiigat,
1526 3476 1633 3547 mulio
1652 3478 1762 3549 minus
1785 3502 1871 3553 vero
1884 3502 1939 3553 re·

455 3576 561 3666 „ligio
578 3572 688 3666 aliqua
703 3574 735 3642 in
752 3597 791 3643 eo
809 3567 968 3644 fundetur
983 3593 1039 3642 aut
1052 3569 1220 3652 consilae,
1247 3594 1280 3641 rt
1296 3570 1437 3665 quilibet
1451 3596 1525 3643 eant
1540 3569 1704 3668 professus
1719 3576 1938 3673 Archi-Epi·

452 3670 663 3764 „seopstum,
681 3669 933 3764 Episcopatum,
959 3673 1165 3761 Dignitatem
1183 3693 1239 3739 aut
1258 3667 1479 3762 praebendam
1500 3668 1745 3743 ecelesiasticam
1768 3670 1935 3768 possidere

452 3764 653 3853 „necessario
670 3767 807 3851 debeat3
835 3791 1032 3861 maneatque
1054 3770 1136 3838 oden
1159 3766 1301 3837 liberum
1318 3762 1575 3839 confeffioniilis
1599 3772 1680 3840 citra
1701 3794 1935 3864 proueiituitm

451 3860 766 3949 „ecelesiasticorum
789 3869 1039 3957 perceptionem
1061 3865 1222 3945 credere,
1261 3862 1426 3959 quidquid
1453 3863 1641 3955 Augullsna
1667 3862 1836 3940 Confeslt'o
1861 3893 1932 3943 ere·

451 3960 621 4045 „dendum
645 3960 832 4041 decernin„
884 3962 1066 4053 Religionis
1089 3966 1202 4055 itique
1224 3964 1358 4033 nouiter
1385 3960 1559 4054 adoptatae
1584 3964 1734 4036 membre
1760 3968 1933 4041 eiusmodi

449 4061 579 4135 bomini
596 4080 629 4129 ct
645 4054 767 4127 vidum
789 4082 822 4129 et
838 4056 995 4131 initiunt
1020 4056 1253 4156 suppeditare,
1284 4059 1335 4128 vel
1360 4057 1499 4129 diuitem
1520 4064 1606 4131 vitae
1627 4062 1931 4161 periculorumque

449 4156 655 4229 indiuiduam
676 4152 812 4237 sociam,
839 4161 931 4227 cuiits
955 4156 1010 4227 sibi
1030 4157 1216 4248 iungendis:
1238 4180 1320 4247 ergo
1343 4157 1523 4252 praecipue
1540 4156 1621 4229 tales
1640 4158 1797 4253 Religioli
1812 4186 1931 4241 monn·

309 4296 321 4305 ‘
360 4324 364 4335 ,
448 4255 547 4329 llerio
564 4279 595 4325 ei
611 4255 775 4346 Religioni
795 4256 978 4326 catholicsc
993 4261 1150 4328 nuncium
1174 4256 1329 4339 mittunt,
1353 4278 1555 4351 procurare,
1592 4258 1931 4356 velaliisqueitcun·

448 4377 514 4451 que
532 4354 651 4425 mediis
668 4376 746 4425 euin
763 4353 921 4425 adiuuare
942 4376 1115 4450 poterunt,
1782 4456 1806 4543 ς
1849 4458 1919 4531 xll

485 4612 505 4658 ⁶
527 4614 655 4681 Ausus
677 4617 801 4681 Anniit
834 4614 934 4678 Relst.
964 4612 1111 4677 Histotic.
1128 4615 1167 4677 de
1190 4614 1347 4680 Pacilicat.
1365 4615 1762 4699 Osnabrogn-lllonaller.
1784 4641 1829 4685 ex
1846 4626 1925 4692 edit.
1979 4692 1982 4697 ,

559 4698 697 4765 Meinas
713 4699 746 4765 C.
760 4720 848 4766 viu.
865 4702 892 4777 §.
904 4708 934 4773 8.
950 4714 1021 4791 pag.
1042 4714 1111 4779 154.
1152 4697 1291 4763 hlutettt
1313 4698 1391 4765 Asis
1411 4700 1442 4767 P.
1458 4698 1512 4769 W.
1531 4698 1627 4767 Toni.
1643 4698 1689 4771 ll.
1702 4720 1774 4789 με.
1788 4724 1864 4787 543.
