4784 5550
498 597 662 696 nuent.
685 614 722 712 ι.Ι
739 609 808 688 uo
828 609 1016 718 Jueom.
1037 557 1270 691 coruum
1292 615 1416 691 onus
1435 615 1588 691 rurore
1612 613 1768 703 cour,
1789 616 1855 693 oc.
1893 633 1938 716 o,
2081 709 2089 728 ,

462 822 464 826 ·
491 792 648 887 trgueboo,
673 815 737 865 tom
754 820 793 864 en
816 797 937 862 Henriei
960 799 1152 886 Imperatoris
1175 800 1324 866 mentione
1345 799 1375 864 in
1395 798 1447 866 boo
1466 802 1594 882 topitnln
1612 799 1731 868 habito:
1755 801 1843 868 vixit
1860 803 1938 867 onim

485 898 707 984 Evcflntotut
733 889 872 986 (voiuit
892 893 1003 962 dicere
1030 901 1177 962 Honorem
1200 900 1248 964 ΙΙ.
1266 897 1281 985 )
1309 895 1439 978 &sedit
1460 899 1536 963 einen
1560 921 1671 966 nnnum
1695 896 1807 982 cbristo
1835 912 1936 971 oreo.

479 998 648 1082 inperatore
669 991 891 1060 Houoico
912 993 956 1060 V.
984 993 1036 1059 Sic
1052 1014 1186 1085 quoque
1205 995 1415 1061 retinuerunt
1436 988 1609 1061 dosiissimi
1638 999 1769 1066 Pithoi.-
1792 991 1845 1065 sed
1867 1021 1935 1067 nun

476 1085 521 1161 ds
552 1112 615 1159 uor
634 1086 719 1158 hone
740 1088 903 1156 rationem
927 1085 1043 1169 odom,
1067 1111 1142 1156 nom
1171 1092 1215 1177 1.)
1232 1113 1318 1159 anno
1340 1096 1443 1162 1126.
1468 1095 1614 1159 Hernicos
1636 1098 1675 1166 V.
1698 1091 1765 1183 jam
1787 1093 1936 1174 obierat,

473 1185 535 1260 ride
548 1187 614 1258 icet
639 1209 696 1257 ιο.
717 1182 787 1254 Kol.
809 1187 887 1279 Jun.
909 1209 1010 1274 ¹¹²5·
1047 1186 1098 1274 α.)
1120 1187 1248 1256 mentio
1274 1190 1398 1257 Hernici
1423 1182 1557 1279 precise
1580 1211 1644 1256 nun
1667 1187 1801 1257 denotor
1820 1193 1934 1285 potius

424 1323 427 1328 ·
468 1289 614 1378 erinrorn,
642 1305 743 1376 quem
760 1286 870 1350 alium:
901 1281 980 1352 dicit
995 1282 1082 1352 enim
1101 1282 1290 1354 decretalis:
1317 1285 1374 1371 fibi
1397 1284 1486 1368 nostri
1510 1289 1631 1354 Hernici
1647 1285 1815 1378 quondam
1837 1294 1937 1378 Inope-

466 1386 579 1452 rarorir.
637 1381 682 1448 Ι).
708 1383 832 1473 Neque
856 1400 919 1467 ego
936 1382 1032 1474 capio
1054 1378 1145 1448 istom
1169 1381 1330 1451 moraturis
1353 1378 1578 1474 conjetiurom
1602 1405 1640 1450 ex
1665 1381 1933 1476 synchronismo,
2030 1421 2033 1425 ·

464 1499 600 1577 propter
613 1473 775 1547 verbum·
793 1479 962 1566 qnondam,
982 1476 1072 1571 quod
1085 1472 1243 1567 significet
1257 1481 1500 1571 Imperatorem
1511 1479 1702 1566 defundunt:
1729 1505 1814 1548 antio
1824 1503 1935 1551 eutem

464 1583 564 1652 1126.
579 1595 702 1645 omnes
726 1573 876 1668 quinque
895 1573 1037 1643 Henrici
1061 1597 1154 1644 erant
1176 1569 1344 1644 defundi:
1379 1574 1466 1645 uode
1487 1580 1625 1672 joannes
1647 1581 1776 1646 Andree
1800 1601 1868 1656 nou
1889 1576 1936 1648 est

409 1691 410 1710 ¹
460 1669 548 1746 tusus
571 1670 725 1767 eliquem
748 1693 786 1739 ex
808 1669 874 1740 illio
899 1668 1142 1754 determinare,
1172 1667 1228 1741 sed
1252 1670 1339 1742 nude
1361 1670 1466 1742 dixit:
1495 1674 1626 1761 sneronr
1648 1679 1776 1764 quinque
1799 1682 1936 1747 Henrici.

408 1839 417 1874 Ι
455 1773 496 1844 'b
509 1767 607 1842 oddo
625 1765 817 1840 hallucinari
839 1763 912 1835 suut
936 1768 1046 1857 magni
1063 1767 1145 1848 viri,
1170 1773 1381 1849 Innocentius,
1408 1769 1440 1838 dt
1462 1770 1641 1858 Hostienfis,
1667 1768 1859 1841 scribendo:
1883 1776 1936 1844 bnt

452 1861 622 1962 ,imorem
660 1867 741 1958 qood
759 1864 839 1955 serit
864 1868 1033 1944 Honorius,
1074 1870 1254 1958 tmpernrm
1275 1871 1399 1958 pinonir.
1459 1868 1497 1935 C.
1527 1868 1811 1938 Goonosous
1846 1876 1932 1943 Tem.

459 1965 552 2054 cufi.
571 1971 689 2058 imper.
709 1984 780 2057 pag.
798 1984 878 2046 319.
905 1981 971 2030 tres
989 1965 1116 2029 isenrico
1137 1969 1175 2036 V.
1195 1960 1348 2033 adscribit
1369 1959 1635 2041 constitutiones,
1664 1968 1806 2057 primam
1822 1970 1858 2036 de
1874 1971 1932 2036 ndi·

456 2069 513 2138 uio
526 2065 650 2156 nuptiis
664 2055 837 2130 secundem
855 2062 891 2125 de
904 2060 976 2147 jore
985 2060 1117 2147 iterando
1133 2062 1327 2141 clericorum,
1351 2060 1392 2129 de
1410 2084 1474 2153 quo
1493 2058 1538 2128 est
1561 2058 1709 2130 musicum
1729 2063 1932 2157 capitulum,
2021 2139 2026 2146 ,

459 2161 585 2234 tertiem
598 2160 638 2230 de
648 2157 753 2249 ¹[prere
769 2151 936 2244 maiestate.
986 2156 1026 2222 In
1039 2155 1154 2225 duabus
1167 2159 1269 2246 primis
1287 2154 1425 2246 legitur:
1453 2161 1600 2226 Henricnr
1614 2163 1724 2226 divino
1737 2165 1851 2248 pietate
1868 2167 1938 2234 1V0'

456 2265 657 2332 domorum
679 2259 849 2346 Imperator
870 2249 1049 2342 Angustos:
1075 2250 1108 2320 in
1133 2254 1247 2322 terrio:
1275 2258 1423 2322 Henritno
1446 2256 1554 2324 divina
1572 2257 1687 2345 pietate
1710 2261 1756 2324 11.
1785 2263 1935 2326 Romano·

457 2377 515 2446 erre
540 2357 716 2446 Imperator
738 2347 916 2441 Angustos:
952 2352 1105 2427 Fatetur,
1139 2349 1241 2439 vulgo
1265 2346 1378 2430 scribi,
1409 2353 1555 2419 isenricus
1580 2356 1621 2420 11
1690 2348 1743 2419 sed
1766 2353 1831 2435 oit,
1856 2377 1934 2447 per·

459 2473 589 2545 perum,
615 2449 693 2541 quio
712 2453 857 2515 Henrions
879 2452 916 2516 V.
934 2440 1041 2513 disius
1062 2441 1096 2513 stt
1112 2446 1201 2514 stolis
1214 2453 1332 2536 junior,
1360 2444 1411 2516 vel
1439 2446 1604 2530 (etrendns,
1621 2399 1768 2541 propter
1789 2471 1932 2541 petrem·

459 2551 495 2620 D.
511 2547 583 2618 baec
603 2545 745 2633 Goidosti
760 2539 925 2614 correctio
941 2542 1024 2610 malo
1041 2538 1103 2612 est:
1122 2546 1224 2631 junior
1239 2544 1394 2638 equidem
1413 2568 1546 2612 vocotus
1564 2543 1608 2612 est
1632 2551 1778 2614 Hermione
1797 2554 1837 2620 V.
1853 2572 1933 2642 pou·
1962 2541 1965 2546 ¹

459 2669 527 2742 pter
549 2665 704 2739 petrem,
737 2637 877 2711 sednon
895 2641 1059 2728 setorrdns,
1090 2637 1274 2735 presertim
1296 2644 1329 2710 in
1352 2642 1624 2727 constitutionibus,
1657 2645 1932 2727 &diplomatibnn

459 2747 507 2815 Bit
521 2737 588 2813 fuit
605 2742 640 2810 in
655 2737 750 2810 irolie
767 2740 912 2809 Henriens
931 2741 995 2815 V.,
1020 2758 1141 2833 nempe
1156 2735 1207 2833 o.)
1221 2763 1307 2811 cono
1327 2765 1363 2808 ιι
1377 2765 1388 2808 ι
1402 2763 1448 2821 1.,
1472 2760 1540 2833 quo
1559 2739 1780 2811 coronobtrur
1796 2744 1829 2810 in
1843 2739 1934 2814 osio·

458 2844 499 2913 rit
521 2835 674 2927 roscha,
719 2859 793 2930 que
816 2830 927 2903 mense
951 2831 1064 2927 Aprili
1088 2834 1266 2917 cadebant,
1299 2832 1473 2931 postquem
1493 2835 1561 2930 jem
1578 2840 1611 2905 in
1635 2836 1752 2907 urbem
1768 2838 1929 2930 ingressus

458 2935 528 3011 effer
551 2940 581 3009 1.
599 2934 674 3005 idus
690 2933 875 3007 Februerii.
902 2934 1068 3002 STRuv.
1098 2941 1184 3022 corp.
1199 2934 1302 3023 histor.
1318 2956 1413 3026 germ.
1434 2936 1546 3025 period.
1568 2938 1627 3005 VI.
1649 2940 1722 3004 seer.
1746 2941 1806 3005 IV.
1831 2946 1868 3015 ff.
1888 2946 1929 3011 V.

456 3036 552 3107 Tunc
567 3055 660 3104 certe
675 3043 746 3100 uon¹
758 3030 867 3123 potuit
886 3053 915 3120 3.
927 3032 1047 3120 Apris,
1072 3028 1122 3098 vel
1140 3033 1200 3101 111.
1217 3033 1292 3101 Kal.
1313 3034 1441 3123 April„
1462 3034 1599 3100 Arimini
1617 3031 1780 3122 imperiali
1800 3029 1856 3101 sub
1873 3060 1931 3103 no.

458 3138 542 3204 mitte
556 3124 738 3201 condidisse
754 3128 837 3197 hene
855 3125 975 3216 legem.
1002 3122 1064 3215 b.)
1086 3126 1187 3195 ubero
1208 3130 1278 3196 vice
1293 3125 1333 3195 ob
1350 3150 1435 3193 enno
1457 3136 1559 3197 1116.
1575 3125 1677 3217 usque
1696 3128 1734 3195 ad
1757 3153 1794 3195 on
1823 3156 1927 3215 1119.

454 3230 562 3305 munio
586 3224 718 3297 turbore
739 3243 833 3296 erent
856 3223 890 3291 in
921 3222 1037 3300 liobe,
1068 3242 1138 3291 rum
1161 3247 1302 3318 propter
1323 3224 1551 3293 haercdirotem
1575 3229 1830 3305 Morbiidinam,
1857 3249 1928 3297 tum

456 3346 593 3422 propter
609 3328 691 3396 Anti
703 3360 713 3375 ·
726 3343 833 3414 papas,
861 3319 1227 3391 &excommunicationes
1252 3323 1393 3392 chrici
1410 3324 1452 3389 V.
1469 3369 1478 3401 ,
1503 3322 1559 3414 qui
1577 3346 1641 3391 non
1658 3326 1691 3389 in
1713 3329 1803 3391 reneis
1822 3332 1930 3395 Status

461 3418 643 3515 Ettiefiastiti
667 3420 794 3491 curium
813 3413 903 3487 suom
931 3413 1091 3496 bobebot,
1118 3415 1173 3487 sed
1200 3422 1232 3487 in
1259 3417 1383 3501 Tuscia,
1410 3414 1443 3486 dr
1468 3421 1612 3509 Liguria,
1637 3416 1725 3487 unde
1750 3419 1929 3511 aliquoties

456 3516 592 3591 nomm
620 3518 743 3587 movit:
769 3514 845 3586 hinc
862 3537 927 3583 non
954 3509 1000 3582 est
1020 3510 1212 3598 verisimile,
1238 3513 1329 3610 quod
1345 3513 1399 3585 bio
1415 3515 1511 3584 eunio·
1531 3517 1667 3586 Arimini
1680 3519 1713 3584 in
1733 3519 1856 3586 Umbria
1873 3540 1930 3587 cu·

456 3617 536 3690 rien
552 3636 669 3688 teneus
684 3612 794 3709 legem
808 3608 901 3682 istem
924 3610 1124 3685 condiderit.

612 3834 646 3896 9.
672 3808 712 3880 C.
727 3801 877 3877 Adverto
898 3804 985 3898 jem,
1011 3827 1078 3898 quo
1099 3824 1153 3874 tuo
1174 3802 1288 3873 tendet
1311 3796 1489 3883 sententio,
1521 3797 1704 3874 Clerisbme
1724 3803 1893 3888 Domine3
1915 3844 1928 3863 -

449 3909 614 3981 'iimitem
635 3906 725 3984 111..
757 3905 815 3999 qui
837 3903 1092 3992 cognominetur
1112 3907 1222 3992 niger,
1255 3898 1354 3971 sentio
1376 3898 1583 3970 conditorem
1609 3898 1707 3992 hujus
1733 3897 1796 3971 esse
1827 3902 1924 3991 legis.

451 4006 491 4079 D.
506 4007 560 4079 Sic
577 3999 642 4076 ess:
666 4000 826 4072 hicenim
840 4021 907 4069 tom
925 4022 943 4067 ι
963 3995 1208 4093 scriptoribus,
1233 4020 1332 4090 quom
1348 3998 1381 4065 in
1404 3996 1528 4067 obortis
1552 4019 1687 4067 uocetur
1710 4003 1856 4068 Henrims
1877 4001 1923 4068 11.

451 4106 525 4198 Imp.
542 4098 584 4173 fic
598 4102 851 4170 thelrus
877 4101 908 4166 in
927 4098 1000 4166 vira
1017 4100 1125 4165 Leonis
1141 4097 1198 4163 lx.
1213 4096 1267 4163 bi.
1288 4121 1321 4162 ι.
1340 4117 1400 4182 cop.
1421 4119 1454 4166 e.
1471 4089 1586 4164 bobert
1612 4100 1706 4164 Anno
1728 4120 1828 4175 1049·
1846 4097 1926 4185 epod

455 4204 658 4293 Wongiononr
679 4197 780 4267 orbern
800 4214 871 4263 nnre
887 4192 1071 4286 presentiam
1083 4191 1201 4284 glorioso
1222 4192 1362 4260 Henrici
1380 4187 1511 4261 secundi
1532 4198 1749 4271 Romanorum,
1776 4191 1926 4280 Augusti,

448 4298 482 4391 st
497 4296 699 4386 Pontificum,
726 4294 962 4384 reliquorumque
985 4293 1147 4360 Procerum
1164 4313 1223 4357 non
1247 4290 1377 4357 modicos
1399 4309 1578 4357 eorovenrns.
1627 4289 1680 4357 Sic
1698 4290 1730 4356 iu
1753 4287 1864 4371 Histoe.
1881 4292 1924 4357 do·

450 4400 532 4487 psera.
550 4396 678 4467 Treuir.
702 4393 787 4461 Tem.
805 4390 832 4458 1.
846 4410 915 4481 pag.
933 4401 1015 4475 389.
1031 4412 1108 4457 anno
1136 4410 1199 4466 ιο]
1210 4411 1237 4458 r.
1254 4383 1399 4475 legitur:
1435 4390 1583 4454 Henrious
1599 4386 1708 4452 diuina
1717 4384 1853 4474 fovente
1870 4390 1925 4455 cie·

449 4494 561 4564 nentia
571 4486 778 4564 Rornanorrrni
796 4491 965 4578 imponerer
985 4484 1164 4578 Angustus:
1195 4484 1230 4551 in
1256 4479 1320 4552 sine
1339 4506 1419 4557 vero
1440 4503 1508 4576 pag
1539 4501 1620 4570 390.
1637 4487 1724 4548 Dara
1745 4482 1828 4552 Xer.
1849 4486 1927 4553 Kal.

448 4591 528 4666 loir.
538 4613 627 4685 ¹atone
642 4586 808 4662 Dominita
823 4586 1044 4658 1neannan'oms
1060 4585 1172 4656 ΜΗ.
1189 4585 1283 4657 Anno
1305 4599 1409 4652 entem
1426 4581 1551 4649 Domini
1572 4581 1707 4650 Heinriti
1723 4578 1820 4743 tertii¹
1830 4584 1925 4669 regis,

927 4704 941 4723 ·
1822 4697 1923 4746 ecuu·
2066 4744 2070 4749 ,
