4784 5550
458 637 506 720 90
639 593 1717 691 ‘troo'orcrcoocscuttstvn
1864 601 1872 612 ·

459 791 596 873 mouille
610 796 716 870 tutio:
748 793 801 887 r.)
818 795 906 891 Qoio
922 792 1031 866 noluit
1045 794 1269 886 constitutiones
1290 799 1511 889 Imperatorum
1526 787 1656 868 referre
1673 796 1763 870 inter
1776 799 1918 872 decretale

457 907 498 972 R.
518 905 558 968 R.
581 895 778 986 Pontificum,
805 893 885 966 scrut
904 885 1028 964 feceret
1047 897 1218 964 Gratianus
1238 894 1271 962 in
1286 895 1444 966 Decreto.
1499 889 1557 985 2.)
1583 895 1679 988 Qtiu'
1691 895 1854 988 judiutvit
1867 891 1918 969 for

457 991 684 1093 superfluum,
716 1015 757 1065 eo
780 991 872 1088 quod
895 988 996 1062 verbu
1018 987 1261 1062 constitutionis
1287 1015 1381 1062 nourr
1403 983 1530 1062 fuerint
1558 993 1772 1088 incorporutu
1793 995 1917 1091 capitul

457 1089 591 1165 nostro:
615 1092 747 1164 interim
762 1090 966 1186 experientia
982 1086 1097 1170 docet,
1123 1113 1187 1183 pro
1210 1087 1404 1184 explicando
1427 1084 1722 1162 fundumenttliter
1744 1114 1837 1186 textu
1858 1101 1918 1190 p'ru

456 1188 541 1265 senti
563 1186 650 1264 nolle
674 1213 733 1261 nos
757 1209 935 1284 oportere,
967 1190 1100 1278 qualiter
1120 1186 1234 1278 precise
1252 1193 1386 1274 sonuerit
1407 1188 1464 1278 isle
1486 1186 1658 1280 constitutio
1678 1208 1752 1262 unte
1772 1195 1918 1266 Huntriu

455 1295 552 1362 editu.
601 1292 691 1381 Lege
708 1311 793 1358 nunc
809 1283 993 1381 capitulum
1012 1307 1051 1354 ex
1065 1307 1210 1380 torpore
1223 1283 1321 1380 juris.

635 1421 716 1514 ις.)
748 1423 788 1490 C.
810 1422 879 1491 Ho
892 1409 1071 1490 uolutus
1094 1419 1141 1490 11.
1205 1420 1385 1491 lnburentes
1413 1417 1551 1512 vestigiis
1571 1419 1807 1516 predecessorum
1830 1419 1918 1518 nestro

455 1544 544 1608 rum,
577 1522 758 1599 dicentium,
787 1522 952 1610 graviores
973 1517 1141 1610 questiones
1162 1539 1214 1612 per
1227 1515 1377 1607 summum
1402 1519 1579 1611 Pontificem
1603 1523 1830 1614 terminetis(
1847 1545 1878 1596 ι.
1896 1521 1918 1592 Ε

454 1615 571 1714 infru)
598 1619 710 1712 legibus
730 1621 834 1709 ituque
852 1621 1046 1708 comperimus
1070 1615 1126 1707 ese
1147 1637 1288 1701 ctutum,
1314 1636 1350 1687 ut
1373 1619 1470 1688 nullut
1498 1621 1622 1687 clericus
1637 1620 1748 1708 p'utute
1766 1617 1918 1712 presumat

454 1719 633 1792 attrivere
657 1717 805 1808 reperitur
820 1715 978 1808 scriptum,
1003 1734 1039 1784 ut
1054 1738 1153 1784 umnec
1166 1717 1342 1807 principales
1354 1715 1480 1806 persone
1498 1717 1637 1808 imprimo
1652 1718 1717 1786 litis
1731 1713 1857 1788 exutdiu
1870 1714 1918 1808 sni

453 1835 526 1888 cunt
537 1817 744 1905 strumentum
763 1816 935 1885 calumnier
954 1815 1165 1908 propterquod
1185 1817 1335 1904 plerisque
1352 1816 1442 1883 venit
1459 1816 1491 1881 in
1513 1813 1652 1895 dulium,
1676 1833 1784 1884 utrum
1803 1817 1918 1886 clerice

451 1914 664 2005 jusjurundum
678 1909 815 2004 presure
830 1911 953 2000 debete,
977 1929 1033 1979 uut
1054 1914 1108 1978 ulii
1132 1913 1185 1979 bot
1201 1909 1327 1995 officium
1350 1913 1509 2003 delegere:
1533 1916 1605 2002 quiu
1625 1913 1700 1981 itit
1716 1911 1918 2002 tunssitutiutu'

454 2014 600 2093 edilium,
628 2011 676 2080 uti
697 2012 795 2080 clerici
809 2011 919 2100 p'urure
938 2008 1148 2102 probibentur,
1182 2031 1202 2077 u
1224 2017 1344 2078 Mercu
1370 2007 1508 2102 Augusto
1533 2010 1570 2078 de
1600 2008 1918 2104 consuntintpulitent‘

453 2112 568 2180 ultricis
583 2111 804 2201 promulgatum
816 2104 907 2198 suist
920 2110 1066 2188 videtur,
1093 2109 1200 2177 idcirtt
1213 2110 1255 2175 cd
1267 2110 1342 2176 ulios
1356 2129 1414 2176 non
1430 2109 1565 2176 ereditur
1583 2110 1744 2197 pertinere.
1801 2113 1849 2180 Ut
1867 2129 1918 2204 erg

453 2207 590 2278 dubietur
604 2203 661 2295 iso
674 2203 855 2294 ecferetur,
874 2202 1038 2295 ficundum
1058 2207 1151 2273 eciem
1169 2203 1342 2289 derisorem
1355 2203 1412 2290 filii
1432 2203 1523 2291 nosci
1539 2199 1589 2274 H.
1601 2207 1752 2296 quuuducu
1768 2209 1918 2300 impurato

452 2308 515 2385 ris,
541 2303 600 2395 (2.
621 2305 663 2372 Et
678 2297 804 2396 infru.)
829 2304 911 2392 cup'ur
925 2298 997 2390 sunt
1011 2302 1108 2371 verbu
1123 2304 1191 2371 lrut.
1240 2304 1316 2393 Ep'ut
1334 2305 1438 2393 ituque
1457 2305 1737 2395 interpretutiutctm
1762 2303 1918 2376 tttttiuru

452 2425 538 2482 mus,
566 2402 685 2476 &divi
700 2403 815 2470 Murci
830 2397 1128 2488 constitueremini
1143 2402 1338 2491 interpretum
1355 2400 1459 2471 debere
1475 2402 1675 2480 decernimur,
1700 2419 1738 2470 ut
1751 2403 1795 2472 ud
1805 2405 1918 2474 uncut'ut

451 2499 639 2588 ccclefiutuuc
654 2500 775 2568 clericus
784 2499 971 2588 genetuliter
984 2499 1308 2590 pertinerejudicetur.
1337 2503 1445 2579 Num,
1469 2520 1536 2567 cum
1553 2503 1723 2592 Imperetur
1735 2499 1918 2596 justitient

452 2597 646 2679 decreverit,
671 2613 708 2664 ut
722 2617 847 2664 cencres
864 2598 994 2664 Puteum
1007 2597 1077 2665 vim
1096 2599 1194 2688 legum
1215 2595 1322 2664 ludere
1341 2615 1497 2682 oporteut,
1525 2597 1561 2670 tt
1580 2598 1613 2666 in
1634 2599 1918 2668 nonnullit'Putrut

319 2715 330 2724 ·
450 2694 610 2768 turonibus
634 2695 820 2787 reperietur,
845 2711 881 2763 ut
903 2695 1002 2762 clerici
1024 2697 1140 2763 omnino
1163 2696 1269 2783 p'urure
1293 2717 1350 2763 nun
1375 2695 1529 2775 uudecnt,
1555 2693 1763 2788 dignumst,
1790 2715 1831 2766 ut
1850 2715 1918 2767 tutu

419 2858 422 2862 .
450 2795 597 2866 clericulis
610 2794 715 2863 crdou
731 2794 905 2883 jurumuntu
923 2795 1076 2862 culumnt‘e
1093 2792 1254 2884 prestutdc
1271 2793 1314 2880 fit
1333 2795 1484 2863 immunis.
1536 2796 1686 2862 Pretereu
1705 2791 1817 2878 ctututi
1842 2798 1918 2867 Ptiu

449 2893 522 2988 cipt's
542 2912 628 2962 tenor
652 2892 725 2962 tulit
745 2888 801 2982 esse
823 2888 1027 2983 dignoscitur:
1051 2895 1121 2961 Nus
1140 2894 1243 2981 ireque
1269 2891 1425 2981 (divine,
1452 2892 1487 2965 ld
1509 2891 1642 2960 lrumune
1661 2893 1737 2982 legis
1761 2895 1918 2967 inurentium

445 2986 605 3087 structu)
633 2991 836 3070 decernimur,
869 2991 1073 3081 &imperiali
1095 2993 1278 3059 autoritate
1303 2989 1571 3058 irrerruttulilicer
1598 2988 1774 3078 definimus,
1808 3012 1847 3062 ut
1872 3014 1918 3065 ιιι

330 3144 332 3149 -
448 3087 710 3182 Episcoput‚·nun
733 3089 898 3177 presbyter,
923 3110 980 3155 non
998 3089 1193 3179 cujuscunque
1214 3090 1329 3159 ordinis
1346 3090 1489 3170 clericus,
1512 3110 1570 3157 nun
1593 3085 1715 3168 Attus,
1740 3110 1800 3159 ttutt
1820 3092 1918 3183 aliqui

448 3190 628 3267 munuclrut,
651 3188 708 3254 vel
718 3184 969 3271 sunttimoniclit‚
994 3187 1025 3252 in
1039 3188 1127 3274 tuusu
1142 3209 1334 3278 quecunque,
1361 3186 1430 3273 five
1448 3184 1673 3272 controverso,
1688 3182 1742 3272 seu
1762 3188 1916 3261 crinciunt

449 3286 502 3372 seu
518 3285 623 3364 civili,
648 3283 857 3371 iucp'urundunc
873 3284 1064 3373 compellatur
1077 3285 1209 3373 quelibet
1229 3288 1347 3354 rcciune
1362 3284 1480 3373 subire,
1505 3284 1557 3367 sed
1577 3286 1646 3353 ulit't
1667 3284 1781 3355 c'dutteit
1797 3284 1918 3376 deseusc

449 3383 531 3455 tibur
553 3380 604 3473 (fi
619 3382 759 3474 expedite
774 3380 902 3461 Ecclesiu
912 3376 972 3468 suu
987 3381 1136 3471 noverit)
1160 3382 1331 3468 hujusmodi
1352 3381 1478 3465 offitium
1503 3384 1594 3451 liteut
1614 3382 1763 3472 delegere.
1816 3388 1918 3457 Veruu

448 3502 515 3555 Μ
531 3482 587 3552 lcuc
601 3481 825 3559 moderetiune,
847 3496 885 3549 ut
899 3476 1056 3571 Epistupus
1068 3473 1233 3565 inconsulto
1245 3485 1379 3549 Rumuno
1400 3478 1564 3565 Pontifice,
1590 3481 1648 3563 vel
1659 3482 1783 3571 quisque
1796 3484 1918 3554 Cleritu

448 3577 612 3669 inconsultu
628 3582 757 3649 Prulctu
769 3576 842 3667 sucu.
865 3580 986 3647 minime
1001 3579 1108 3667 p'urure
1120 3579 1246 3647 cudent.
1273 3577 1418 3648 Ou'tnibuc
1434 3596 1535 3648 cutem
1554 3580 1716 3669 Episcopir,
1734 3578 1918 3667 &univers

449 3680 545 3757 clero,
567 3680 614 3746 itu
627 3676 767 3767 custodiri
781 3676 886 3747 delete
900 3676 1098 3757 mundemus,
1121 3694 1157 3746 ut
1171 3674 1265 3768 squit
1278 3678 1309 3745 in
1324 3678 1405 3746 ilum
1421 3673 1616 3759 commiserit,
1640 3678 1765 3747 venium
1777 3672 1830 3763 sti
1844 3677 1918 3748 dein

448 3792 514 3870 tupt
535 3778 660 3844 noverit
682 3777 835 3865 deneguri.
867 3798 899 3865 3.
919 3774 962 3842 Er
980 3766 1080 3851 infru.

442 3991 444 3997 Ι
626 3912 682 3977 16.
708 3909 752 3978 D.
772 3899 929 3979 Reserate
944 3898 986 3975 de
1005 3895 1099 3977 fonte
1113 3898 1187 3977 sunt
1207 3901 1396 4004 sequefitiu,
1421 3929 1496 4003 quot
1517 3909 1550 3976 S.
1567 3906 1760 3997 Rupmundut
1780 3904 1918 3981 indicum

448 4000 532 4095 folet
546 4024 608 4101 per
628 4000 751 4075 verber
780 4010 822 4074 Et
834 4001 930 4092 insrc.

488 4134 518 4183 1.
541 4112 723 4201 Nostrorum
732 4112 876 4199 srutrum
902 4112 1066 4209 diiigenter
1089 4114 1206 4199 confilio
1229 4116 1388 4199 immisto,
1416 4113 1701 4200 hujusmodituustr
1710 4110 1837 4195 spatum
1850 4116 1918 4179 iero

555 4196 759 4284 fruguiiliter
775 4198 839 4261 [lto
856 4199 1023 4279 opitulante
1038 4197 1222 4261 decidimus:
1246 4202 1408 4280 quonium:
1439 4199 1485 4259 ltu
1502 4198 1589 4260 tosta
1604 4198 1793 4277 compilutio
1809 4200 1910 4281 prin

562 4277 1094 4429 :ttliltttttlt‘ttttkt
1117 4279 1918 4445 tlttlff‘qtzttl‘ltet'lltottttt‘otltt

563 4385 1039 4526 huetiunrtuletuntimpressn.
1086 4384 1135 4447 ‘q
1269 4406 1279 4440 ’

426 4607 429 4612 -
487 4576 520 4630 2.
548 4556 589 4622 Ut
601 4578 663 4624 utcu
685 4566 781 4637 imus,
801 4563 954 4628 Armenio
969 4558 1087 4645 soffum
1106 4560 1316 4625 Illtionorcut
1331 4562 1458 4645 uptiiit.
1479 4572 1552 4637 utut,
1575 4562 1651 4645 ficut
1671 4562 1716 4625 tor·
1737 4564 1918 4637 continetur!

361 4730 364 4737 Ι
484 4738 487 4743 Ι
562 4641 623 4745 dc'c.
698 4644 753 4711 Stu
774 4646 961 4732 compilutio
987 4644 1100 4729 primo,
1123 4641 1157 4709 δι
1184 4643 1350 4714 Gonuulez.
1392 4642 1454 4711 Sed
1470 4644 1553 4712 disto
1576 4646 1735 4731 uppendix
1760 4643 1918 4809 uliterqudit
