4784 5550
312 648 314 651 ·
458 645 532 748 9⁷⁰
915 617 1494 700 ntssaaunnto

403 875 406 880 ,
460 799 522 868 rim
541 787 687 892 expresse
707 788 809 888 nsque
826 788 865 862 td
879 793 950 880 ¹rin.
974 799 1097 880 1566„
1117 795 1240 889 partim
1259 798 1358 872 terite
1381 821 1447 898 per
1465 819 1601 898 tempor
1625 793 1828 904 subseqnenr
1848 820 1930 890 rere}

446 909 597 981 uatum,
620 892 711 985 bord)
725 891 983 987 Saittrbtrqiqset,
1003 889 1299 971 demonstrauerat.
1964 939 1968 944 -

1074 1085 1108 1188 p.
1157 1090 1313 1169 xxm.

793 1249 1031 1349 Resolutio
1078 1259 1310 1334 rationum
1361 1255 1612 1340 dubitandi.

500 1489 509 1508 .
536 1491 544 1509 ·
577 1395 720 1470 Probata
743 1424 843 1499 atque
866 1411 1072 1498 argumentis
1097 1433 1187 1483 cette
1207 1406 1444 1485 sufficientibus
1466 1413 1691 1490 demonsiret·
1706 1411 1868 1493 sacnstate
1883 1417 1933 1494 do·

370 1531 380 1544 -
462 1511 566 1575 mint,
602 1495 748 1608 decimae
770 1525 832 1595 per
857 1501 1077 1595 longissimum
1098 1529 1231 1675 tempus
1252 1513 1286 1578 in
1312 1509 1539 1587 aestimatione
1561 1515 1674 1598 datas,
1713 1513 1866 1590 simodo
1880 1515 1933 1614 ipfi

462 1589 644 1755 placuerit,
672 1619 704 1704 tn
720 1621 835 1668 natura
855 1603 1028 1692 exigendi3
1059 1605 1156 1676 uiden
1183 1629 1240 1676 um
1258 1630 1345 1679 nunc
1370 1613 1452 1691 erit,
1485 1611 1657 1706 quomodo
1679 1615 1849 1698 rationes,
1871 1615 1935 1710 quir

486 1709 524 1755 us
539 1712 744 1802 contrarium
766 1697 901 1788 probari
922 1697 1106 1774 existimare
1131 1707 1205 1793 quia
1223 1700 1344 1799 posset,
1375 1702 1570 1782 refutandae
1589 1707 1670 1792 sint,
1701 1735 1742 1784 ec
1760 1712 1935 1796 elidendae.

462 1785 564 1894 Qud
586 1810 689 1877 rguor
704 1790 885 1884 adponam
901 1796 1072 1868 dubitandi
1089 1803 1253 1872 tationem
1275 1803 1408 1886 attinet.
1441 1830 1480 1877 ex
1498 1803 1663 1881 solutione
1683 1803 1850 1882 rniforni
1867 1811 1932 1888 scos

463 1877 581 1994 grsstmi
600 1890 762 1995 temporis
780 1892 945 1965 coloniam
961 1895 1128 1990 praesumi
1143 1920 1361 1993 perpetuam,
1385 1901 1442 1973 issa
1459 1901 1536 1976 sane
1549 1903 1695 1976 multum
1707 1901 1934 2002 praesidiieffa

460 1977 650 2050 deotmarus
668 2007 734 2053 non
750 1987 868 2081 potest.
923 1993 1218 2084 Quemadmodum
1235 1998 1325 2068 enim
1342 2000 1430 2072 circa
1450 2000 1624 2096 ipsammet
1643 1999 1847 2076 solutionem
1865 2009 1934 2076 eni·

458 2065 605 2147 formem
624 2081 856 2157 tricennarium
871 2112 927 2160 aut
944 2091 1242 2184 quadragenariam
1257 2089 1396 2170 fundate
1408 2100 1516 2192 megia
1530 2099 1777 2194 prolocutione
1791 2099 1933 2202 finpssri.

460 2192 563 2267 quam
580 2197 645 2270 pto
660 2178 790 2252 colonia
812 2208 975 2280 perpetua
992 2186 1269 2282 praesumendum
1286 2187 1356 2272 e'stz

502 2305 504 2312 '
606 2375 610 2383 ,
634 2306 803 2376 secondum
818 2315 1090 2385 BOEHMERVM
1105 2323 1139 2384 in
1153 2319 1297 2405 Respoas.
1314 2320 1355 2388 T.
1372 2339 1403 2388 2.
1421 2331 1502 2409 part.
1522 2344 1551 2392 1.
1570 2324 1660 2412 Resp.
1676 2345 1752 2412 374.
1766 2267 1800 2396 ιι.
1816 2345 1870 2399 12.

459 2423 517 2500 rbi
537 2423 569 2498 dt
586 2427 664 2497 citat

634 2550 810 2619 MEVIVM
829 2552 862 2617 Ρ.
881 2571 908 2697 ts.
928 2552 1006 2617 Dec.
1023 2552 1094 2636 163.
1113 2573 1144 2621 n.
1166 2572 1194 2620 1.
1211 2562 1308 2637 etque
1322 2552 1633 2630 COTHMANNVM
1648 2563 1720 2628 vol,
1739 2583 1771 2630 1.
1791 2563 1868 2652 pesp,
1882 2581 1929 2650 ⁴²

784 2651 865 2718 ¹¹·7·
898 2652 968 2716 eta·
1964 2675 1969 2692 ,

457 2755 503 2829 ita
518 2750 563 2826 ob
580 2749 683 2824 smise
701 2753 734 2822 in
755 2750 999 2825 diutissimis
1016 2747 1150 2847 prrsum
1171 2777 1335 2848 quanmm
1348 2755 1499 2830 eiusdem
1521 2758 1778 2834 immutabiliter
1793 2762 1868 2839 inre
1880 2761 1929 2839 de·
1965 2743 1969 2819 i

457 2849 551 2927 feudi
569 2854 701 2946 nequit,
726 2848 780 2920 sed
800 2856 911 2946 potius
928 2850 1163 2947 praestationes
1177 2852 1253 2925 issae
1271 2849 1454 2926 uniformes
1474 2879 1559 2951 pute
1577 2879 1657 2953 pute
1679 2882 1745 2953 pto
1765 2865 1871 2935 tecitir
1884 2884 1929 2935 te·
1966 2864 1969 2885 ²

458 2948 692 3024 nouationibua
709 2946 880 3020 locationis
902 2952 1094 3043 primitiare
1116 2947 1295 3021 censendae
1319 2948 1413 3034 sunt,
1440 2976 1481 3024 eo
1498 2956 1625 3045 mugio,
1657 2954 1681 3027 sr
1706 2956 1878 3048 diuersae,
1898 2980 1928 3033 rt

458 3046 735 3144 supradiximus,
760 3051 992 3118 renouationes
1012 3045 1245 3118 contrasiuunr
1267 3047 1519 3123 &locationum
1535 3051 1752 3130 decimalium
1768 3054 1923 3134 modoad
1964 3112 1968 3123 .

457 3146 592 3245 plutei,
619 3141 775 3216 modoad
798 3146 972 3240 pauciores
990 3166 1092 3214 ennon
1109 3141 1360 3222 intercesserint.
1966 3138 1969 3149 '

1088 3343 1121 3446 p.
1173 3346 1298 3429 xxx,

575 3517 677 3592 Aliud
696 3514 793 3601 esset,
819 3512 841 3585 s
857 3513 1027 3586 decimaris
1045 3513 1270 3587 demonstrare
1286 3516 1453 3597 valerem,
1478 3514 1623 3588 decimae
1637 3512 1679 3585 ab
1693 3518 1794 3591 initio
1807 3542 1841 3592 ea
1853 3517 1909 3610 segc

453 3614 646 3690 constitutas
670 3614 782 3696 fuisse,
811 3635 846 3685 ut
864 3637 927 3709 pto
950 3616 990 3682 iis
1013 3614 1132 3682 modus
1152 3616 1333 3696 immenti,
1367 3637 1423 3684 aut
1444 3617 1590 3707 pretium
1614 3609 1792 3687 definitum
1812 3615 1907 3687 offere·

453 3734 532 3793 tur3
559 3714 625 3784 fine
640 3711 778 3785 successu
796 3714 957 3805 temporis
974 3710 1015 3780 de
1039 3734 1131 3781 certo
1154 3736 1190 3781 ac
1214 3735 1381 3807 perpetuo
1406 3711 1508 3781 modo
1528 3714 1616 3781 inter
1639 3711 1815 3785 dominum
1832 3736 1905 3805 agro·

452 3833 597 3905 rumque
613 3808 802 3907 possessores
818 3806 1016 3880 conuenisse.
1067 3812 1145 3878 Hoc
1159 3811 1248 3878 enim
1264 3811 1296 3878 in
1317 3806 1388 3878 cas’st
1408 3832 1472 3901 pto
1493 3809 1622 3878 colonia
1641 3805 1699 3881 scu
1715 3811 1835 3883 luceria
1848 3831 1904 3904 per·

451 3930 553 4005 petua
577 3905 881 4002 praesumptionem
904 3901 1010 3977 adesse
1029 3928 1038 3989 3
1072 3905 1228 4002 probatio
1251 3928 1362 3979 autem
1391 3906 1479 3976 illius
1511 3903 1598 4002 pasti
1618 3903 1641 3977 fi
1663 3906 1741 3982 fieri
1767 3926 1902 4006 nequeat,

449 4003 636 4076 constanter
651 4028 726 4074 cum

626 4151 799 4218 HAHNlo
813 4150 855 4214 od
878 4148 1145 4214 WESENBEC.
1169 4150 1219 4216 tit.
1240 4148 1338 4213 locati
1358 4149 1451 4217 cond.
1469 4168 1500 4215 n.
1521 4145 1612 4218 VIII.

448 4272 665 4348 adserendum
680 4268 744 4344 esse
760 4271 933 4341 ducimus:
961 4274 1237 4366 Quotiescunque
1255 4315 1278 4348 „
1290 4266 1330 4337 ab
1350 4270 1445 4339 initio
1468 4265 1610 4349 con'siat,
1637 4268 1729 4364 quod
1744 4268 1831 4345 bone
1844 4293 1905 4345 cuo·
1964 4342 1969 4349 ,

330 4404 348 4417 ·
447 4368 551 4453 „cessa
568 4369 693 4442 fuerint
709 4371 807 4441 titulo
827 4369 1015 4447 locationis,
1043 4391 1119 4438 tunc
1136 4392 1199 4460 pru
1217 4367 1332 4436 locatio
1351 4365 1530 4445 habentur,
1555 4372 1588 4437 in
1607 4370 1729 4461 quibua
1744 4366 1907 4443 coudufin·

448 4493 525 4550 „res
542 4471 624 4537 nihis
644 4472 726 4539 iuris
742 4471 774 4537 in
795 4490 832 4537 re
848 4463 977 4558 possunt
999 4464 1228 4559 praetendere.
1278 4465 1448 4560 Quodque
1472 4466 1504 4531 in
1525 4461 1632 4560 specie
1654 4466 1696 4538 de
1718 4460 1910 4549 decimius

447 4565 513 4651 „dc
528 4566 696 4663 principio
712 4566 885 4639 locationis
903 4559 1133 4636 condudiionia
1148 4584 1327 4660 apparent,
1353 4557 1479 4635 etiamfi
1504 4559 1707 4638 uniformem
1728 4564 1911 4665 penfionent

1827 4688 1913 4751 ateffl'
