4784 5550
902 515 1479 652 nisssnriirio

1076 811 1110 918 t.
1159 809 1312 892 xxix.

575 987 688 1083 Atque
704 983 777 1058 lter
799 979 935 1080 quidem
951 981 1070 1080 opinio
1089 947 1131 1054 de
1150 981 1300 1054 Decimii
1315 1002 1355 1053 eit
1371 973 1504 1078 origine
1519 981 1576 1058 liis
1595 981 1788 1062 Laiealiliua
1805 1005 1867 1062 eata

458 1079 563 1158 dubio
582 1079 719 1180 prorsus
733 1105 834 1160 caret.
884 1085 949 1152 He
965 1083 1054 1152 enini
1075 1081 1123 1152 uti
1138 1102 1176 1153 et
1196 1079 1296 1151 titulo
1318 1103 1411 1152 mere
1434 1077 1581 1176 profano
1600 1083 1786 1170 debentur,
1805 1087 1840 1160 dr
1863 1116 1867 1158 i

457 1183 524 1258 lam
540 1179 676 1280 prorsus
695 1181 735 1252 ad
759 1175 956 1261 Ecclesiam,
981 1177 1131 1272 adeoque
1151 1177 1191 1248 ad
1208 1181 1271 1273 Jiis
1293 1175 1552 1252 Ecclesiasticum
1570 1183 1769 1258 relationem
1793 1183 1867 1258 habi

454 1282 502 1354 ita
522 1279 563 1351 ad
578 1283 722 1351 rationes
737 1283 830 1375 Juris
846 1276 962 1348 Civilia
984 1275 1216 1348 tantummodo
1233 1273 1439 1370 composite,
1460 1278 1495 1349 dr
1517 1275 1618 1352 insiar
1633 1279 1781 1354 aliorum
1801 1285 1867 1380 Jut

457 1401 551 1549 pere
576 1373 806 1546 prolsanorpnp¹
821 1373 987 1542 ccnspndar
1012 1372 1232 1544 sunnfeaQrae
1254 1397 1391 1541 ¹econtra
1413 1399 1452 1489 er
1470 1378 1604 1469 origine
1616 1375 1690 1547 gith
1706 1377 1867 1453 Ecclesias

456 1476 637 1656 rinneiitiieit
657 1480 830 1668 piliicspiii
844 1497 1224 1664 ¹iiuobiiwabbielioslaeici
1235 1495 1582 1666 ⁸Jiiiismtiijeiildibiiiiisb¹
1596 1499 1867 1650 ¹variititinwsiin

454 1669 629 1787 sequitur.
654 1667 878 1742 differentiam
897 1666 1064 1740 isitiuma
1084 1693 1177 1739 mere
1193 1666 1379 1741 Laicalibus
1398 1667 1510 1765 quoad
1527 1667 1686 1744 effeslum
1713 1669 1867 1770 prescrip

344 1789 351 1804 “
456 1794 508 1840 nis
531 1765 715 1840 ettinslivae
733 1773 854 1840 merito
876 1763 1079 1837 statuendam
1101 1761 1188 1850 eise,
1211 1763 1244 1836 dt
1267 1765 1351 1838 lianc
1370 1767 1491 1840 iisdem
1511 1767 1761 1842 conditionibus
1780 1770 1867 1843 adtei

456 1871 576 1940 Laicos
602 1866 766 1962 ejusmodi
798 1865 1016 1937 decimatores
1039 1863 1188 1936 sellitam
1214 1857 1278 1936 esse
1306 1863 1457 1949 debete,
1489 1889 1564 1962 que
1591 1863 1749 1940 adsersus
1779 1866 1867 1940 Eecli

454 1965 466 2037 i
496 1963 613 2036 sssmet
629 1963 835 2035 Parocliiales
851 1961 930 2032 alias
947 1965 1184 2058 requiruntur,
1199 1985 1236 2034 ιιι
1251 1959 1369 2035 diversi
1384 1963 1434 2035 illi
1449 1963 1572 2057 gradus
1586 1967 1621 2036 in
1637 1965 1747 2062 priori
1769 1969 1804 2058 §.
1821 1989 1867 2038 rei

454 1989 505 2134 iiii
525 2069 612 2133 inter
631 2059 806 2134 Ecclefinm
828 2061 1054 2132 Patoehialem
1066 2109 1076 2143 ,
1090 2083 1297 2142 extraneam,
1316 2060 1349 2131 dt
1368 2064 1507 2136 Laieuiri
1523 2065 1777 2142 nemitorem
1798 2085 1867 2140 oin

455 2163 559 2256 gratis
575 2160 607 2236 dt
623 2160 748 2260 absque
767 2155 940 2233 sufficienti
954 2161 1085 2234 ratione
1103 2159 1272 2233 adinventi
1286 2157 1474 2236 rideantur.
1692 2174 1701 2186 ·

1091 2362 1121 2448 t.
1172 2351 1301 2430 xiiii.

569 2525 770 2596 Omiirimua
796 2522 1192 2622 impraescriptibilitatem
1210 2528 1446 2610 Decimatum,
1465 2549 1540 2623 que
1554 2527 1589 2600 iii
1610 2519 1765 2598 savorem
1779 2521 1859 2600 aian

332 2679 336 2688 .
454 2615 625 2692 eleliatom
649 2623 891 2696 Paiocliialium
912 2649 952 2696 ex
969 2649 1113 2697 erroneo
1139 2625 1232 2718 Juris
1255 2627 1369 2696 Ditini
1388 2627 1557 2722 principio
1581 2619 1736 2720 superius
1764 2619 1867 2698 consui

401 2711 405 2726 ’
453 2713 610 2791 froilraa
633 2718 832 2817 quibusdam
853 2718 1015 2798 asseritur.
1065 2723 1320 2797 Ornirrimusdt
1348 2721 1461 2806 illam,
1484 2745 1559 2821 que
1579 2744 1619 2796 ex
1649 2723 1827 2819 principiis
1842 2719 1867 2817 Ji

454 2816 572 2903 civilis
595 2819 635 2891 de
660 2815 1023 2915 impraescriptibilitate
1043 2845 1227 2893 annuarum
1254 2818 1502 2918 preslaiionum
1523 2822 1612 2893 inter
1630 2816 1801 2893 Doslores
1821 2818 1867 2892 lio

453 2914 534 2986 dum
553 2914 770 2989 controversa
790 2919 979 3003 derivatur3
1005 2921 1056 2990 liis
1072 2924 1161 2991 enim
1180 2916 1458 3014 disputationibus
1476 2917 1567 2991 velut
1583 2916 1650 2988 alto
1665 2918 1800 2991 suidam
1814 2916 1866 3015 pel

453 3038 514 3083 nos
533 3017 744 3087 committere
762 3040 970 3112 nequaquam
990 3022 1118 3087 animus
1133 3016 1195 3098 eil,
1223 3042 1264 3088 ne
1281 3042 1299 3087 a
1316 3014 1417 3111 scopo
1433 3014 1546 3087 noslro
1567 3015 1701 3108 longius
1720 3014 1867 3087 abducan

453 3116 556 3205 quiin
574 3137 614 3182 eo
630 3110 674 3181 eil
692 3162 701 3191 ,
721 3135 757 3181 ut
781 3139 874 3207 acque
896 3137 1023 3184 tantum
1048 3110 1217 3186 difficilem
1242 3115 1325 3185 hanc
1345 3110 1630 3209 prescriptionem
1652 3110 1861 3185 eittinslisam

452 3207 564 3279 vetius
583 3213 829 3279 Decimatorem
845 3212 1007 3281 Nobilem
1023 3212 1074 3283 vel
1092 3236 1279 3283 extraneam
1290 3236 1523 3306 quamcunque
1537 3208 1715 3283 Erclefiam
1730 3213 1867 3283 evincm

453 3328 554 3400 quam
578 3302 720 3375 difficilis
742 3307 797 3376 illa
818 3307 971 3380 adversus
996 3307 1149 3382 Ecclcfias
1177 3311 1388 3381 Parochialea
1403 3335 1442 3382 ex
1462 3312 1637 3406 principiis
1655 3313 1750 3405 Juris
1772 3314 1867 3381 Canni

452 3403 651 3473 admittitur.
704 3407 814 3476 Omne
831 3408 918 3479 enim
934 3410 995 3501 Jus
1016 3409 1251 3489 Decimarum‚
1273 3408 1364 3503 quod
1387 3413 1582 3479 Decimator
1602 3406 1740 3477 Nobilis
1765 3406 1817 3479 vel
1830 3430 1867 3477 ct·

451 3524 532 3571 neiis
553 3502 652 3572 hodie
667 3525 796 3573 exercet
811 3506 842 3573 in
864 3500 984 3573 fundos
1006 3508 1298 3597 Decimatiorum‚
1323 3503 1505 3599 majoribus
1524 3502 1588 3577 suis
1608 3528 1786 3600 acceptum
1804 3498 1867 3577 rese

453 3598 569 3678 delier,
595 3600 701 3694 quiid
718 3598 757 3669 ab
774 3598 913 3672 Ecclesia
933 3604 1032 3671 variis
1046 3600 1269 3675 occasionibus
1294 3600 1390 3698 supra
1416 3604 1617 3675 enumeratis
1639 3605 1867 3699 impetrarunt

452 3696 485 3765 iii
515 3696 617 3765 dubio
644 3699 744 3765 etiam
771 3696 959 3790 impetrasse
990 3696 1246 3791 praesumuntur.
1297 3696 1438 3771 Ecclesia
1463 3725 1567 3796 porto
1600 3722 1700 3770 omne
1725 3702 1797 3866 fpus
1824 3694 1867 3770 sui

452 3796 543 3887 qiind
561 3790 714 3864 adversus
736 3792 841 3866 diiios
866 3797 1071 3875 Decimarios
1094 3798 1202 3869 eidem
1225 3799 1417 3892 competiit,
1440 3800 1472 3868 iii
1491 3795 1659 3895 praesentis
1678 3821 1722 3890 po
1751 3794 1859 3867 essoris

450 3888 623 3962 secessores
639 3888 851 3975 transtulisse,
868 3892 1007 3988 ejusque
1024 3896 1144 3965 mentis
1167 3889 1261 3965 suilse
1279 3895 1427 3977 viderur,
1442 3918 1496 3978 ut,
1515 3894 1605 3992 quod
1623 3892 1765 3990 ipsamet
1781 3916 1867 3966 exerc

449 3986 631 4084 potuisset,
657 4013 674 4058 a
697 3988 912 4085 pinsenribus
940 3987 1170 4087 possessoribus
1194 4016 1402 4073 exerceatur,
1423 3992 1551 4088 ipsique
1572 3996 1656 4089 Jure
1678 3988 1764 4063 celso
1784 3990 1867 4063 Ecclc

448 4110 602 4168 utantur,
616 4111 690 4157 cuin
707 4084 837 4159 satores
853 4090 900 4158 illi
919 4087 1117 4181 singulares,
1134 4096 1191 4185 qui
1210 4089 1356 4161 Ecclefiae
1365 4090 1493 4161 cedenti
1510 4090 1619 4185 quoad
1638 4090 1799 4161 Decimas
1815 4092 1864 4184 aJ

447 4182 586 4256 concessi
604 4181 694 4267 sunt,
722 4211 787 4256 noti
812 4210 938 4261 irritum
960 4186 1133 4281 personam
1159 4184 1373 4284 possidentem
1403 4184 1604 4283 respiciant,
1634 4210 1691 4257 aur
1713 4189 1748 4257 in
1773 4188 1867 4282 quilii

448 4282 614 4375 personali
637 4279 842 4364 fundentur,
872 4288 918 4356 uti
937 4288 1018 4381 Jura
1041 4286 1096 4354 illa
1122 4284 1296 4377 singularia
1324 4284 1576 4357 minorentiibus
1606 4306 1663 4371 aur
1691 4280 1865 4355 Filiissami

447 4378 612 4455 concessa.
643 4380 695 4451 scd
720 4407 791 4453 rem
816 4380 920 4480 ipsam
940 4382 1003 4453 sive
1024 4386 1180 4454 Decimus
1203 4380 1363 4463 afficiant,
1394 4382 1426 4452 dt
1448 4386 1481 4452 iii
1501 4384 1630 4454 ratione
1647 4377 1724 4452 finis
1746 4382 1859 4462 illius,

448 4499 549 4647 {piem
566 4502 582 4547 a
600 4484 684 4575 Jure
701 4478 867 4557 dellinstae
883 4478 973 4566 sunt,
997 4485 1136 4555 omnino
1158 4476 1401 4556 favorabilia&
1424 4476 1713 4579 imperturbabilis
1733 4474 1864 4553 fundari

475 4597 608 4657 eantur,

1747 4676 1785 4767 ς.
1809 4674 1867 4748 xit.
