4784 5550
505 639 573 722 Ex
593 639 903 720 ACTISePUBL.
929 643 1249 740 ADORNATA,
1276 647 1347 727 ET
1367 649 1647 738 PRAETENS.
1667 655 1735 735 dte.
1784 675 1860 754 aar

432 824 489 898 nie
515 822 665 920 adlegari
686 825 820 922 nequit,
843 850 948 923 quum
972 825 1024 900 vel
1044 824 1223 904 fatentibus
1245 831 1323 1000 ipsa
1341 831 1599 911 Pretellantibua
1612 839 1777 914 eiusmodi
1792 843 1857 918 Rei

432 920 517 995 ufira
534 924 759 1037 inflReligione
775 923 945 1090 (Jathqqiea
960 948 1066 1039 ecque
1087 923 1235 1042 selutem·
1263 955 1337 1002 uam
1359 936 1495 1046 operari
1519 934 1676 1032 potuisset
1694 957 1795 1040 atque
1816 944 1854 1012 in

432 1019 615 1092 ›testenttca
630 1028 660 1094 *.
706 1023 862 1115 Demque
900 1018 1035 1093 efictunt
1053 1023 1182 1118 rcltqua
1204 1022 1453 1120 dispensationis
1474 1031 1628 1130 requisita
1648 1038 1685 1108 in
1699 1035 1766 1120 Ιεο,
1793 1036 1854 1133 qai

434 1114 613 1191 merallu
631 1119 774 1216 proprio
788 1116 1022 1190 monasterium
1042 1145 1102 1190 vna
1117 1144 1191 1194 cum
1210 1125 1373 1218 religione
1391 1124 1522 1202 descrit.
1966 1123 1972 1138 ’

1014 1331 1042 1419 §.
1089 1328 1220 1406 XLV.

440 1553 448 1569 .
477 1459 545 1568 ‘Ex
562 1454 657 1530 dislia
675 1455 725 1556 (d.
740 1455 872 1552 praec.)
892 1459 957 1529 iam
974 1454 1048 1530 satis
1064 1457 1162 1568 super
1189 1487 1231 1535 ue
1245 1463 1404 1556 colligere
1417 1465 1495 1540 licet
1510 1461 1664 1541 eumdem
1678 1463 1856 1540 mutationi

431 1549 566 1646 ligionis
581 1580 680 1652 atque
696 1552 927 1647 dispensationi
946 1553 1114 1628 Pontificio
1134 1487 1292 1632 ellectum
1310 1562 1447 1634 adscribi
1468 1590 1534 1636 noo
1548 1563 1649 1662 posse.
1699 1574 1745 1638 At
1760 1566 1852 1664 quod

441 1673 547 1748 caput
563 1649 625 1730 cll.
651 1653 798 1746 expreffae
822 1652 929 1741 leges,
957 1677 1041 1746 quae
1063 1655 1097 1724 in
1113 1657 1365 1729 catholicorum
1382 1660 1490 1732 Princi
1518 1687 1575 1732 um
1593 1661 1773 1734 ditionibus
1794 1663 1854 1733 diu

431 1769 545 1820 teorta
559 1749 742 1840 Religionis
759 1747 1010 1842 protestanticae
1033 1753 1196 1846 principia
1218 1754 1383 1844 inrigare
1405 1779 1439 1828 et
1458 1686 1517 1828 esd
1539 1757 1629 1830 haud
1647 1754 1855 1831 contradillo

431 1867 493 1926 tre,
521 1841 751 1939 dispensationi
770 1841 936 1916 Pontificio
949 1869 1006 1916 eor
1022 1847 1207 1920 attribuunt
1224 1847 1385 1933 effestua,
1417 1876 1452 1925 vt
1476 1852 1678 1950 dispensetur
1695 1851 1856 1950 imposle·

431 1963 456 2012 n
479 1939 649 2013 bonorum
672 1940 729 2012 fibi
752 1941 1035 2035 adquirendorum
1057 1967 1158 2038 capax
1178 1942 1255 2030 fiat3
1294 1945 1437 2026 libertati
1455 1972 1564 2023 aurern
1580 1949 1795 2024 conscientiae
1813 1947 1856 2021 lic

431 2033 510 2121 tae,
533 2041 633 2110 certia
648 2038 878 2109 tantummodo
893 2036 1190 2136 determinatisque
1203 2042 1368 2140 perleges
1388 2048 1537 2140 perlonia
1551 2043 1732 2130 concessae,
1755 2066 1867 2144 praea‘

431 2132 816 2325 llls‘ttlsslll'lt
830 2131 1673 2327 llll,llll³⁰lilllllll{littlttlll‘t
1688 2167 1858 2332 libili

431 2351 459 2396 tn
475 2327 551 2398 talis
565 2329 656 2399 modi
671 2325 810 2399 effeetus
831 2327 986 2418 adfignati
1008 2332 1241 2424 reperiuntur,
1271 2333 1421 2429 ideoque
1442 2337 1606 2422 Catholici
1629 2333 1857 2432 conpaciscen·

430 2423 522 2497 tillus
549 2447 609 2496 nee
634 2420 875 2503 concesserunt,
914 2447 974 2495 nec
993 2449 1135 2519 vnquam
1159 2427 1358 2511 concessuri,
1397 2453 1454 2505 aut
1476 2431 1535 2506 sibi
1556 2456 1574 2507 e
1595 2431 1856 2509 Protellemibua

430 2537 498 2594 utre
517 2521 619 2596 rerba
638 2545 672 2598 et
690 2543 834 2594 mentem
849 2519 960 2614 legum
977 2519 1114 2593 obtrudi
1129 2520 1203 2597 sunt
1218 2523 1353 2623 passuri.
1492 2613 1495 2620 Ι

1680 2693 1713 2796 t.
1730 2697 1855 2770 xrvr.

498 2879 656 2944 clefiallici
673 2889 705 2942 et
719 2888 888 2961 perpetuae
899 2880 1058 2943 bonorum
1078 2876 1356 2942 ecclesiasticorum
1374 2879 1518 2945 rollionis
1532 2842 1719 2947 liutholicoa
1742 2884 1781 2943 ed
1796 2883 1855 2946 be·

499 2965 656 3061 qlssnl‘lm,
670 2962 911 3059 compofitiouip
934 2960 1232 3057 medianilctiereut,
1255 2961 1331 3022 Dux
1350 2962 1631 3025 Lounavrnuava
1648 2962 1801 3044 reposuit,
1823 2962 1854 3026 se

499 3040 1856 3217 ¹53th1lllltlltttlltltltttllttlsllttulistis?

499 3218 588 3277 rent,
619 3206 766 3285 siquidem
788 3206 851 3287 fiere
870 3200 1003 3285 expresso
1037 3202 1189 3285 Pontifices
1212 3200 1352 3346 censendae
1374 3202 1566 3286 l’riocipibua
1588 3206 1763 3271 Catlrolicla
1786 3220 1855 3265 noo

490 3302 696 3368 competeret
710 3290 749 3348 de
763 3289 855 3347 bonis
868 3284 1079 3346 ecclesiasticis
1092 3297 1221 3345 eatenus
1236 3296 1304 3345 trau
1372 3288 1425 3349 udi
1440 3286 1596 3367 potestas,
1621 3300 1660 3353 vt
1675 3288 1729 3351 llla
1749 3287 1855 3349 seculo

500 3370 737 3440 addicerentur3
760 3386 916 3447 nemoque
933 3368 1006 3427 dare
1044 3364 1141 3437 osset,
1181 3367 1246 3427 uod
1260 3303 1481 3431 nonYaberet.
1524 3369 1608 3443 Quid
1626 3367 1856 3448 quaesodidtu-

499 3468 555 3513 rua
571 3449 674 3536 suilset
684 3448 868 3531 praedittus
882 3448 977 3527 Regis
995 3383 1238 3508 Cllristianisstrni
1252 3446 1548 3527 Plenipotentiarioa
1560 3450 1680 3511 iutuitu
1695 3456 1853 3519 notarum,

500 3528 568 3595 fi-se
582 3530 713 3594 euttore
730 3542 840 3593 contra
856 3528 1032 3606 Religionis
1057 3526 1233 3589 cathollcee
1254 3528 1412 3608 dogmata
1429 3530 1637 3591 Proteltautea
1653 3531 1857 3611 quidquam

500 3580 676 3677 (setholicia
691 3624 797 3695 petere
815 3610 879 3673 auli
896 3606 1046 3673 suilsout?
1071 3608 1209 3671 illarum
1224 3608 1296 3673 att.
1311 3610 1343 3676 P.
1356 3607 1410 3677 W.
1424 3608 1520 3674 Tum.
1538 3609 1582 3674 Il.
1596 3630 1666 3693 pag.
1677 3610 1749 3691 636.
1763 3610 1825 3692 seq.

429 3762 546 3835 *Trea
561 3764 782 3846 Theologicae
798 3763 974 3833 Facultates
991 3760 1234 3825 Protestauticae
1245 3758 1412 3825 ocrtfiona
1422 3760 1584 3826 Transttua
1596 3760 1855 3843 Barcanorum:

502 3848 720 3913 Romanorum
736 3846 946 3927 imperatricis
960 3842 1196 3923 gloriolillirnae
1212 3846 1382 3907 memoriae
1394 3845 1433 3906 ed
1445 3844 1644 3925 Religionem
1659 3845 1858 3909 catholicam

502 3948 571 3995 vno
588 3929 679 3991 velut
694 3947 750 3990 ore
767 3926 1012 4007 respondebant:
1036 3924 1224 4005 Religionem
1239 3922 1400 4019 Romano·
1412 3925 1594 3989 Cailtalicmre
1613 3924 1799 4009 infallibilem
1813 3925 1856 3987 ad

502 4004 1332 4153 ““lltls‘llllttltlltll'lztttlt‘lc'l,
1347 4004 1504 4167 illst
1518 4005 1856 4152 liltlstllttltz

503 4110 661 4237 seburim
673 4110 926 4264 lnllgqlstadiensta
940 4167 1006 4231 Cel.
1021 4170 1052 4231 in
1068 4168 1123 4229 suo
1134 4166 1292 4248 Responso
1307 4167 1344 4229 tie
1358 4170 1510 4253 Apofleto
1520 4174 1568 4231 itte
1581 4172 1614 4232 ier
1626 4108 1856 4231 insereremur

498 4252 595 4339 sendo
602 4252 795 4334 succedendi,
814 4272 875 4313 aare
890 4252 1020 4331 ampliter
1035 4257 1229 4330 recuperante
1247 4252 1417 4331 etquidem
1434 4252 1465 4315 in
1486 4252 1627 4314 Discursu
1647 4250 1857 4330 praeliminari

504 4334 539 4417 S.
551 4334 608 4398 111.
638 4343 849 4415 prouocaret,
872 4330 963 4412 seque
984 4332 1024 4393 lia
1043 4326 1311 4395 vehementissime
1332 4332 1429 4413 premi
1458 4332 1584 4395 sentiret
1604 4330 1856 4393 Garsi-nacara-

503 4432 591 4487 nvu,
612 4415 691 4479 nihil
705 4415 864 4495 respoudit
879 4411 1001 4483 noster,
1022 4430 1080 4475 nec
1096 4422 1234 4492 vnqu'atn
1247 4412 1433 4493 respondere
1447 4415 1583 4495 poterit,
1605 4410 1655 4471 sed
1668 4409 1855 4495 Responsio-

503 4498 554 4559 nie
581 4497 659 4558 loco
680 4494 849 4559 Ecclelieru
874 4493 1070 4556 catholicam
1097 4492 1201 4573 liupila
1225 4494 1377 4575 oninique
1394 4495 1462 4555 iure
1492 4492 1659 4569 prohibitio
1679 4494 1801 4556 iniuriis
1820 4498 1872 4579 eq
1996 4564 2000 4571 ¹

504 4580 663 4641 conuiciis
678 4576 822 4646 lacessere
839 4594 906 4641 nou
920 4575 1056 4642 erubuit.
1096 4574 1170 4642 Vid.
1185 4572 1287 4639 elaad.
1310 4566 1543 4657 utrumlibet
1556 4574 1676 4647 idmst
1693 4578 1721 4658 §.
1732 4592 1812 4638 xxr.

441 4690 573 4777 Tonas
595 4691 686 4777 VII.
1216 4695 1297 4771 Hir
