4784 5550
448 595 497 679 ιι
588 567 590 572 ·
896 571 1517 702 υιεειιιιτιιτιο,

445 751 1935 951 ,itlllllll‘llullllit‘illsz',ilillll‘lsllttll'xlllllltll

451 955 589 1025 decirnae
605 953 646 1024 ad
662 954 831 1025 leculsres
851 957 991 1050 proprie
1030 953 1246 1032 ettinuerint,
1271 971 1407 1022 eatenus
1430 953 1520 1022 rsrin
1536 949 1721 1042 olleganrur
1736 951 1936 1048 diplomata,

451 1051 510 1122 ubi
529 1054 640 1121 Duces
656 1051 758 1122 Loth.
776 1051 877 1122 &alii
889 1075 987 1120 mons
1038 1051 1095 1119 riis
1113 1049 1278 1118 donarunt
1293 1047 1386 1116 villas
1398 1073 1474 1130 cuns
1490 1049 1646 1130 decimis,
1670 1073 1753 1143 ques
1772 1053 1805 1120 in
1824 1050 1936 1126 bonno

450 1149 538 1220 viiie
553 1147 759 1229 habuerunt,
786 1151 938 1244 adeoque
955 1147 1098 1217 decimas
1116 1147 1155 1215 ad
1172 1146 1316 1215 bennum
1337 1145 1490 1216 sidorum
1508 1147 1539 1216 dr
1554 1146 1593 1213 nd
1612 1144 1781 1216 seculares
1795 1143 1935 1239 spetial-

454 1244 507 1326 se,
536 1245 568 1316 dt
587 1243 677 1341 quod
699 1254 791 1318 Alit
803 1259 946 1316 uiuus
970 1252 1002 1312 ιἰι
1024 1249 1097 1313 vita
1124 1245 1254 1313 Albanis
1262 1243 1381 1330 flarius.
1397 1247 1527 1313 Abbatis
1543 1247 1580 1312 C.
1596 1269 1631 1329 9.
1648 1267 1834 1328 memoret,
1856 1249 1936 1317 lert·

445 1363 517 1418 ,mas
535 1368 554 1414 a
568 1348 653 1414 laicis
667 1363 704 1414 art
716 1347 877 1435 plurimam
890 1359 1063 1434 acceparat,
1088 1338 1121 1410 id
1138 1334 1184 1411 eii
1196 1333 1347 1438 polselsas
1361 1333 1441 1423 else,
1468 1338 1559 1438 quod
1576 1336 1698 1415 scilicet
1718 1338 1937 1418 Eccleliastici

450 1459 517 1538 pto
533 1440 751 1537 occupatione
765 1433 959 1510 hsbuilsent.
1005 1523 1007 1528 Ι
1929 1463 1932 1470 ·

576 1633 611 1721 7)
636 1631 730 1702 Licet
750 1625 907 1726 Episcopi
924 1629 1040 1725 plures
1055 1625 1233 1700 habuerint
1251 1625 1412 1712 decimas,
1435 1627 1472 1698 iu
1487 1629 1585 1700 terris
1600 1624 1722 1698 scilicet
1743 1624 1936 1706 infeudata

454 1747 531 1798 cum
554 1724 664 1798 benno
679 1729 786 1818 Regio
810 1726 843 1798 dt
865 1724 1032 1817 regalibus
1052 1722 1119 1795 fisci
1142 1750 1179 1795 sc
1198 1724 1273 1820 jure
1288 1724 1493 1796 decimarum
1510 1720 1683 1806 conceffis,
1708 1747 1819 1800 ranten
1843 1729 1939 1826 quod

453 1821 683 1894 universaliter
696 1824 840 1895 decimas
857 1821 1052 1903 habuerint,
1075 1845 1265 1917 repugnare
1286 1817 1367 1893 thel
1382 1820 1430 1891 illi
1446 1819 1594 1892 Eccleliar
1609 1824 1708 1894 Rom.
1725 1832 1866 1896 Decimae
1884 1849 1939 1918 pa·

454 1923 550 1990 tarbis
559 1924 630 2011 jare
643 1922 758 1991 debitas
766 1920 876 2013 fsiffr,
902 1916 1063 2014 liquidem
1078 1917 1146 2012 jem
1162 1920 1259 1990 initio
1280 1917 1399 1990 seculi
1414 1919 1473 1990 ΙΧ.
1494 1921 1529 1988 in
1543 1917 1702 1990 Conciliis
1718 1919 1788 1994 hec
1808 1917 1940 1996 senten·

453 2016 502 2083 tia
518 2017 696 2088 invaluerit
712 2021 844 2088 decimas
851 2016 1040 2110 personales,
1062 2039 1119 2108 qaa
1134 2021 1201 2110 qais
1215 2038 1266 2111 per
1282 2021 1356 2086 anai
1366 2014 1499 2106 {patiam
1516 2017 1612 2104 sacru
1625 2015 1748 2108 aspides,
1767 2020 1939 2108 lalueadas

454 2110 529 2204 affe,
554 2135 592 2185 ut
607 2117 1045 2209 pateretexCorsctsro
1070 2115 1304 2185 cnosson:
1330 2109 1410 2182 11⁶0
1425 2112 1467 2184 de
1481 2135 1533 2184 sn.
1553 2116 1732 2205 arpenn.
1751 2141 1786 2202 9·
1936 2163 1939 2168 -

574 2305 613 2396 8)
637 2306 739 2403 Qsod
755 2306 888 2377 trndetn
902 2307 1007 2377 nimio
1023 2303 1208 2394 Religionis
1224 2302 1306 2375 Zelo
1324 2325 1423 2402 arque
1434 2306 1645 2378 elericorum
1659 2304 1863 2378 authoritate
1878 2301 1941 2379 sub

454 2398 653 2493 ignorantiae
693 2401 826 2474 residiis
844 2396 1061 2473 invalescente
1071 2400 1194 2473 Clerici
1212 2398 1368 2498 omnibus
1382 2405 1493 2473 neruis
1510 2424 1609 2500 atque
1624 2399 1868 2474 allusisbaicos
1876 2405 1942 2476 nti·

450 2519 493 2568 rs
514 2495 548 2568 dr
570 2502 644 2570 vani
671 2519 737 2570 ntus
758 2495 989 2595 superstitione
1005 2492 1078 2570 fere
1093 2491 1267 2593 opprelios
1288 2497 1330 2569 ad
1349 2497 1553 2570 credendum
1575 2498 1734 2572 inducere
1753 2501 1942 2572 contende·

453 2595 540 2675 rint,
565 2593 710 2666 decimas
725 2619 763 2666 ex
775 2593 851 2690 jure
867 2594 981 2664 divino
1001 2597 1099 2666 unice
1124 2592 1357 2667 Sacerdotibus
1373 2593 1571 2692 perflandas
1593 2591 1676 2678 else,
1701 2618 1719 2667 a
1738 2594 1832 2668 iaicis
1855 2621 1943 2671 reru

451 2711 522 2760 uon
537 2686 628 2786 polle
640 2689 706 2763 line
717 2714 852 2789 peccato
868 2687 1042 2787 poliidtri,
1067 2688 1192 2760 multos
1208 2691 1337 2786 itaque,
1362 2715 1400 2763 ut
1414 2692 1558 2765 decimas
1576 2690 1648 2764 luas
1662 2688 1813 2765 Ecclestis
1831 2691 1946 2767 &ct-

452 2787 570 2883 pitulis
583 2784 762 2871 offerrent,
784 2788 861 2884 jure
881 2783 974 2860 feudi
989 2785 1030 2859 ab
1050 2787 1170 2859 iisdem
1192 2789 1421 2884 recipiendra,
1443 2791 1633 2873 invitarint,
1656 2812 1697 2862 es
1718 2787 1843 2885 quibua
1868 2816 1941 2865 non

455 2884 630 2965 minua-ac
651 2909 691 2959 ex
713 2886 851 2961 decimis
873 2886 908 2957 in
931 2880 1070 2958 feudum
1093 2883 1181 2955 datis
1197 2880 1294 2957 dille
1314 2880 1442 2960 fuerint
1463 2885 1603 2961 decime
1619 2882 1819 2969 infeudare,
1841 2886 1944 2963 &lie

456 2979 582 3056 Clerici
605 2980 805 3067 laborarint,
830 3006 869 3057 ot
892 2982 1037 3056 decirnas
1059 2981 1100 3053 ad
1123 2978 1157 3053 se
1179 2981 1430 3078 pertraherent,
1453 2982 1511 3055 cui
1532 3004 1645 3055 autern
1660 2980 1694 3057 le
1709 2980 1944 3082 opposuiffent

457 3080 621 3153 Getrnsni
636 3079 800 3155 libertatis
815 3103 965 3163 tenaces,
987 3100 1094 3175 prout
1105 3099 1237 3176 pateret
1250 3100 1289 3153 er
1302 3076 1524 3155 contruserlia
1535 3079 1707 3175 Thuring.

567 3270 616 3365 ’9)
642 3271 743 3367 Qtod
765 3272 800 3342 in
827 3268 1028 3366 quibusdam
1045 3268 1194 3342 conciliis
1213 3270 1352 3365 quidam
1370 3269 1610 3345 decimelaicia
1630 3269 1786 3367 injunble
1798 3268 1944 3361 fuerint,

457 3368 541 3464 quin
556 3390 668 3442 tsmen
682 3374 716 3439 in
733 3371 903 3461 germania
916 3370 1064 3453 Decime
1077 3362 1255 3439 univerlitn
1270 3369 1372 3441 Clero
1394 3364 1561 3450 cesserint,
1583 3370 1675 3467 quod
1689 3392 1820 3467 pateret
1833 3396 1873 3445 et
1892 3374 1945 3444 di·

457 3464 683 3562 plantaribus,
708 3469 741 3538 si
759 3488 905 3562 quotum
922 3465 1093 3560 Principes
1110 3463 1143 3534 dt
1160 3466 1251 3534 Laici
1269 3463 1375 3537 libere
1395 3464 1438 3537 de
1453 3464 1592 3539 decimis
1605 3461 1854 3565 disposuilsent,
1878 3493 1942 3549 uec

457 3584 582 3658 uagrre
595 3560 787 3637 Cononiiles
803 3562 969 3661 plurimas
984 3564 1103 3636 Lsicoe
1115 3556 1299 3637 retinuisset
1312 3560 1470 3637 decimos.

1115 3806 1153 3893 ς.
1203 3804 1241 3877 V
1245 3804 1272 3879 Ι.

763 3944 765 3948 ’
859 3948 1081 4044 Εῴιιιιιιιιιι
1103 3943 1270 4026 Bo'bmeri
1292 3948 1531 4050 Argumenta.

574 4105 706 4215 Verum
722 4097 817 4173 nulio
829 4101 933 4216 ruodo
946 4097 1228 4216 adtstsbiliendun
1240 4093 1434 4207 predistans
1453 4092 1558 4212 thplin
1577 4088 1742 4207 sufiiciunt
1755 4095 1829 4173 hec
1843 4123 1945 4196 argu·

457 4218 710 4371 atffiffimm
725 4192 823 4285 falls,
847 4221 971 4296 parum
987 4223 1024 4271 tn
1042 4220 1145 4273 ruetis
1161 4190 1301 4269 fundata
1315 4189 1535 4286 contesturra,
1556 4213 1681 4288 partun
1702 4192 1745 4266 ad
1761 4218 1836 4270 rent
1849 4199 1947 4276 baud

576 4449 670 4518 Nam
685 4445 795 4545 quoad
822 4463 897 4519 tum
918 4441 1060 4517 transeat
1082 4440 1139 4537 a),
1155 4438 1247 4535 quod
1267 4438 1410 4510 Romani
1424 4432 1547 4509 fitndos
1562 4436 1644 4532 pub.
1662 4437 1696 4511 dr
1712 4422 1867 4516 hostibus
1888 4443 1949 4518 ab·
1988 4538 1991 4543 Α

457 4543 543 4621 latos
559 4544 606 4620 its
632 4567 700 4642 qua
714 4544 841 4622 domini
862 4545 1003 4622 lucarint
1020 4538 1112 4623 aliia,
1137 4558 1175 4611 ut
1194 4536 1231 4630 bi
1255 4556 1317 4635 per
1333 4532 1472 4611 niodum
1486 4533 1601 4610 census
1625 4535 1946 4721 decimrprppffi
