4784 5550
496 611 761 696 lNSlNUAT.
779 609 1215 695 permanentem
1240 615 1430 695 cAEsAtt.
1449 619 1700 706 NECESSIT.
1717 629 1783 716 dte.
1825 651 1901 736 317
1991 693 1994 704 .

436 797 596 894 ligandam.
644 802 814 890 integram
833 798 974 894 proinde
992 798 1176 891 ignorantia
1193 798 1244 869 ves
1263 823 1329 870 nott
1349 799 1498 895 requisiti
1520 803 1677 901 Episcopi
1699 809 1898 907 potestatem

435 900 460 970 io
476 894 678 969 conferendo
693 899 801 967 adhuc
818 895 989 991 perstitisse
1003 920 1077 967 anre
1097 893 1349 968 insinuationem
1365 899 1480 971 debito
1497 903 1600 974 modo
1618 902 1756 990 fastam,
1772 934 1899 1007 acptu·

435 996 496 1067 inde
510 995 733 1067 Collationem
751 1000 868 1086 vigore
887 993 1057 1089 potestatis
1078 992 1175 1084 hujus
1198 990 1409 1066 effeiiuatam
1431 999 1653 1096 undequaque
1676 1005 1713 1074 in
1730 1004 1804 1080 atto
1827 1012 1899 1104 pri.

435 1115 556 1165 tuonon
576 1113 704 1163 tantum
725 1092 884 1173 validam,
905 1091 959 1162 sed
976 1091 1085 1186 quoad
1108 1087 1217 1186 ipsum
1243 1116 1379 1188 quoquc
1403 1101 1599 1168 exercitium
1618 1101 1898 1181 inconstabilem

435 1190 728 1263 &irrevocabilem
746 1186 808 1260 esse
826 1186 936 1259 statuit
957 1184 1119 1259 Pontifex.
1172 1189 1267 1258 Idem
1290 1191 1433 1285 proinde
1450 1196 1568 1286 aequali
1588 1195 1640 1266 vei
1657 1202 1780 1289 potiori
1801 1207 1896 1297 Jutia

433 1311 617 1380 argumento
637 1310 713 1356 ante
727 1286 977 1357 insinuationem
996 1292 1059 1357 tite
1081 1280 1204 1355 fatiam
1223 1286 1314 1358 iiliue
1331 1291 1505 1373 Mandati,
1531 1293 1622 1387 quod
1647 1299 1766 1367 Preces
1790 1298 1898 1371 Cacsa-

433 1410 484 1457 rec
499 1389 532 1455 in
550 1384 582 1455 se
602 1386 790 1465 continent,
814 1381 1021 1455 statuendum
1040 1380 1102 1454 esse
1126 1406 1226 1453 nemo
1248 1408 1316 1453 non
1333 1384 1433 1457 videt.
1482 1395 1627 1460 Alteram
1650 1391 1824 1467 decidendi
1842 1421 1896 1468 ta·

432 1484 544 1564 tionem
561 1479 709 1553 summus
730 1479 880 1552 Pontifex
896 1485 928 1550 in
946 1484 1064 1560 desciit
1083 1486 1293 1573 acceptationis
1315 1483 1485 1568 conlocat,
1510 1513 1584 1582 quat
1607 1512 1766 1585 tanquam
1784 1497 1898 1567 condi.

432 1581 473 1652 io
484 1578 677 1676 precedere
685 1579 856 1661 debuerit,
880 1603 915 1649 ut
931 1580 1132 1651 ordinarius
1153 1578 1247 1648 alteri
1264 1574 1500 1653 conferrenon
1521 1581 1639 1682 posset.
1685 1592 1742 1663 Da
1759 1613 1827 1688 qua
1843 1616 1897 1668 te·

433 1701 466 1753 tu
479 1680 610 1752 tatiane
625 1676 730 1775 pauso
747 1672 887 1751 inferint
903 1674 1079 1775 separatim
1099 1671 1352 1749 discurrendum
1368 1681 1448 1761 erit.

1058 1905 1088 2002 ς.
1136 1903 1259 1984 ttttt.

433 2129 438 2140 .
515 2073 757 2159 Difficultatea,
774 2097 859 2172 quaa
875 2078 953 2148 Para
967 2073 1099 2148 adversa
1120 2075 1336 2164 obmovetat,
1357 2074 1390 2154 dt
1413 2069 1567 2155 Pontifex
1583 2099 1756 2166 removet,
1773 2073 1901 2156 eedem

430 2168 517 2257 sunt,
542 2200 617 2270 quae
635 2172 750 2246 nosirae
766 2177 918 2271 opinioni
932 2174 973 2245 de
993 2167 1167 2246 necessaria
1185 2179 1375 2250 Primatum
1389 2183 1527 2252 Peaeum
1543 2182 1666 2274 praetia
1683 2177 1903 2254 infinuctioue

430 2270 636 2345 adeffadum
660 2269 905 2363 constringendi
925 2273 1186 2344 ordinariorum
1206 2272 1405 2368 potestatem
1429 2275 1596 2350 adversari
1615 2273 1753 2376 posent.
1800 2277 1904 2352 Unda
2083 2337 2089 2356 .

430 2391 535 2443 tarum
553 2370 746 2441 remotio&
770 2374 865 2441 uobis
885 2373 1046 2465 proderit.

523 2507 552 2583 1.
579 2506 727 2573 Primum
746 2506 834 2574 enim
862 2503 1040 2599 opposuit,
1074 2503 1257 2594 ignorantia
1285 2504 1384 2575 etiam
1404 2501 1560 2602 Episcopi
1577 2504 1628 2578 vel
1647 2505 1820 2579 ordinarii
1838 2532 1903 2603 po-
1994 2489 2020 2508 *
2051 2539 2054 2558 ·

430 2599 571 2674 testatam
596 2598 685 2697 posse
708 2601 827 2691 ligari,
857 2600 936 2674 ficut
963 2600 1177 2696 privilegium
1203 2603 1377 2693 ignorante
1400 2600 1565 2696 Episcopo
1589 2601 1785 2676 aPontifice
1801 2605 1903 2680 aiicui

430 2697 624 2784 :outassum,
655 2722 697 2770 ne
715 2698 756 2768 ab
774 2723 815 2770 eo
837 2693 932 2794 posit
951 2701 1250 2781 excommunicari,
1277 2700 1344 2768 vim
1365 2698 1455 2770 suam
1476 2701 1614 2784 habeat,
1642 2701 1720 2774 lieet
1740 2728 1806 2793 qun
1824 2693 1904 2777 iusi·

430 2821 590 2994 ppppqpp':
619 2798 784 2966 qlqipmlplqc
800 2796 875 2895 ipso
892 2796 1035 2895 potessas
1058 2794 1365 2869 excommunicandi
1386 2803 1628 2895 impetrantem
1640 2794 1809 2898 Episcopo
1823 2788 1905 2877 esset

539 3038 585 3107 ΙΙ.
610 3029 845 3101 Differentiam
865 3022 929 3100 esse
945 3029 1031 3100 inter
1050 3032 1195 3118 Legem,
1224 3025 1257 3098 dt
1282 3028 1373 3098 inter
1387 3024 1529 3124 speciale
1548 3022 1763 3107 Mandatum,
1788 3025 1905 3097 Indui-

430 3132 591 3227 gentiam,
618 3128 789 3199 Induitnrn
808 3128 839 3197 dt
858 3127 1095 3217 Ptitiiegium‚
1122 3132 1195 3220 qur'c
1215 3147 1342 3195 tantum
1356 3146 1436 3196 nnta
1458 3124 1542 3206 issia,
1565 3120 1687 3218 quibua
1706 3121 1757 3193 tel
1773 3124 1805 3192 in
1821 3147 1906 3216 quo·

430 3254 498 3301 tum
517 3225 668 3300 savorem
690 3225 937 3305 conceduntur,
964 3223 1042 3294 ficut
1060 3225 1229 3293 Sententia
1245 3222 1412 3314 judicialia
1432 3224 1535 3295 etiam
1555 3242 1672 3293 contra
1693 3221 1905 3312 ignorantem

430 3328 491 3401 tim
506 3324 597 3398 suam
616 3325 737 3395 habere
755 3319 884 3416 pnffint.
936 3321 1086 3415 speciale
1100 3342 1213 3391 autem
1234 3344 1327 3393 certe
1343 3318 1406 3392 esse
1424 3319 1488 3393 tale
1512 3317 1734 3403 Mandatum,
1766 3317 1809 3391 dc
1826 3342 1906 3392 cun·

430 3420 562 3500 serenda
578 3425 674 3494 alicui
689 3420 885 3518 praebenda,
911 3415 1012 3514 quam
1029 3417 1422 3514 acccpundam‘dnxetit.
1471 3416 1611 3489 adhoc

542 3562 593 3631 ΙΙΙ
633 3557 792 3629 Mandata
813 3553 977 3646 ejusmodi
1000 3552 1041 3624 dc
1061 3547 1268 3624 conserendo
1284 3553 1337 3625 vei
1362 3549 1572 3647 providendo
1588 3549 1716 3620 munita
1730 3543 1793 3621 effe
1812 3511 1906 3621 claua

430 3652 501 3730 iulia
520 3653 779 3729 irritantibus&
797 3650 1102 3732 inhabi'iitnnribua',
1130 3649 1251 3744 quibua
1269 3654 1401 3721 irfttum
1420 3648 1454 3721 dr
1471 3650 1568 3720 inane
1583 3646 1785 3729 declaratur,
1809 3646 1908 3744 quid·
1995 3686 2005 3701 .

430 3755 505 3852 quid
515 3778 638 3827 contra
654 3750 757 3823 simile
772 3751 971 3821 Mandatum
989 3775 1006 3817 a
1024 3751 1142 3842 quovis
1159 3748 1344 3831 Ordinatio
1355 3749 1533 3840 contigerit
1549 3746 1731 3825 adtentari,
1752 3744 1905 3840 adeoque

430 3854 657 3934 collationem,
683 3874 783 3946 quatu
805 3845 989 3941 Episcopus
1012 3845 1067 3917 vei
1082 3844 1225 3940 quilibet
1242 3847 1443 3917 Ordinariua
1467 3840 1541 3942 posi
1556 3842 1621 3915 tale
1634 3842 1834 3915 Mandatum
1851 3842 1908 3915 vel
2008 3888 2021 3909 e

430 3950 598 4025 decretum
621 3951 775 4029 irritans,
806 3943 889 4037 (stae
911 3944 994 4015 illud
1019 3945 1246 4037 ignoraverit,
1279 3940 1344 4017 fite
1363 3950 1449 4035 nun)
1470 3942 1514 4018 de
1536 3939 1705 4016 Beneficio
1722 3966 1785 4037 per
1803 3938 1836 4016 se
1852 3938 1907 4013 tes

430 4046 529 4122 alium
550 4044 689 4132 fecerit,
717 4071 783 4117 non
801 4044 926 4122 valete,
1154 4056 1160 4071 '

503 4176 515 4190 ”
541 4177 735 4276 Respondet
753 4202 863 4250 autem
887 4170 1060 4262 Pontifex,
1085 4197 1142 4249 aut
1161 4162 1414 4274 replicationem
1435 4169 1549 4274 potius
1570 4198 1588 4250 a
1607 4166 1742 4275 proviso
1760 4195 1822 4270 pet
1842 4172 1909 4250 Ort

430 4277 595 4353 dinarium
614 4274 817 4375 propositam
835 4274 1010 4372 adprobat.

543 4405 597 4483 Ad
616 4415 643 4483 t.
663 4412 802 4507 quuod
828 4411 1044 4507 privilegium
1071 4408 1170 4482 alicui
1187 4406 1229 4481 de
1255 4404 1289 4481 se
1306 4432 1373 4480 non
1390 4398 1706 4483 excommunicando
1722 4394 1909 4481 concedam

430 4532 466 4586 tx
491 4516 610 4581 natura
632 4507 686 4579 sna
708 4511 774 4604 jam
797 4533 931 4581 omnem
957 4507 1263 4580 excommunicandi
1281 4505 1474 4606 potestatem
1498 4506 1538 4577 ab
1559 4506 1744 4579 Ordinatio
1761 4500 1909 4589 auferat,

430 4608 461 4685 dt
479 4607 578 4685 aliter
602 4609 685 4685 utile
702 4605 766 4687 csse
784 4633 851 4684 non
871 4603 980 4707 poisat,
1030 4609 1132 4683 Saeua
1141 4628 1262 4800 1quttetp
1281 4607 1319 4684 fit
1340 4608 1376 4678 io
1393 4605 1558 4679 Mandata
1581 4603 1680 4681 alicui
1693 4599 1911 4801 coucassqrqe
