4784 5550
561 653 612 734 28
1012 639 1590 722 DlSSERTATIO

560 819 618 895 sed
638 820 726 895 salvo
745 822 910 896 Dominio
929 819 1058 895 diresin
1080 844 1210 897 tantum
1231 822 1271 894 ad
1294 843 1429 912 tempos
1455 825 1565 897 minus
1582 819 1680 918 plene
1695 821 1729 892 in
1746 765 1863 894 Lsicos
1886 821 2047 896 trcnsltte

561 919 655 1012 sunt)
681 923 906 1013 originariam
930 919 1020 992 suam
1042 921 1235 1016 qualitatem
1263 917 1534 1003 Ecclesiasticam,
1559 943 1693 991 monent
1709 921 1821 1017 quoad
1844 925 2047 1012 Dominium

561 1016 727 1089 ditcllum
749 1025 781 1088 in
799 1023 1000 1112 patrimonio
1024 1017 1190 1100 Ecclesiae,
1218 1019 1250 1087 dr
1274 1015 1463 1114 possessores
1480 1021 1602 1096 intuitu
1620 1017 1735 1088 ttlium
1751 1018 1958 1088 decimarum
1978 1043 2047 1090 non

363 1161 366 1168 ·
428 1204 430 1216 Ι
561 1115 636 1187 sunt
654 1119 866 1209 proprietarii
887 1117 1167 1208 independenres,
1194 1113 1500 1210 sed-representem
1517 1115 1623 1210 ipsum
1640 1111 1842 1209 Episcopum
1857 1118 2045 1186 Dominum

561 1211 758 1293 Dircdlum,
783 1211 838 1283 seu
862 1211 1055 1294 Ecclesiam,
1093 1240 1110 1283 a
1135 1238 1200 1307 qua
1220 1209 1312 1282 feudi
1334 1210 1543 1282 Ecclesiallici
1567 1215 1790 1281 ini'cllituram
1814 1211 2047 1296 obtinuerunt,

561 1311 718 1383 redibunt
739 1335 875 1404 quoquc
897 1314 929 1378 in
950 1308 1024 1380 casu
1046 1335 1211 1405 operturae
1234 1310 1315 1380 talcs
1332 1310 1521 1380 decimead
1547 1305 1742 1390 Ecclesiam,
1769 1309 1857 1398 unde
1881 1331 2045 1404 provene·
2073 1341 2082 1358 ¹

561 1431 658 1488 ronr,
685 1432 720 1478 ac
734 1409 930 1476 Dominium
945 1408 1026 1476 utile
1043 1407 1252 1478 solummodo
1280 1409 1458 1478 alienarum
1476 1431 1552 1476 cum
1579 1407 1739 1474 Dominio
1764 1403 1903 1476 Direslo
1920 1408 2046 1478 iterum

562 1505 840 1583 consolidabitur,
867 1503 1016 1600 adeoque
1029 1501 1198 1597 julliffime
1218 1505 1341 1598 judicia
1359 1501 1576 1574 Ecclesiastico
1590 1505 1781 1574 Germaniae
1797 1505 1848 1592 nr)
1874 1503 1957 1574 tries
1973 1501 2048 1596 pos·

561 1600 697 1674 sessores
712 1605 828 1670 Laicos
844 1601 882 1667 ad
901 1603 1121 1671 collationem
1143 1602 1181 1670 ad
1199 1600 1355 1694 prndisla
1370 1626 1471 1670 onera
1495 1626 1557 1696 pro
1574 1623 1644 1670 reta
1661 1601 1899 1680 condemnant,
1924 1599 1959 1670 dc
1976 1624 2048 1672 me·

561 1699 674 1768 diante
697 1700 889 1767 executione
909 1697 1073 1768 arrestatis
1097 1700 1233 1767 decimis
1256 1696 1481 1790 adstringunt,
1505 1723 1571 1768 non
1596 1721 1707 1766 nutem
1725 1693 1792 1767 fert
1814 1695 1954 1768 instituti
1976 1699 2045 1770 mel

563 1798 651 1868 ratio
673 1792 760 1962 hiscfe
784 1797 931 1887 Longius
955 1799 1128 1866 immorari
1142 1791 1308 1891 facileque
1325 1791 1413 1867 soret
1435 1798 1547 1867 omnia
1565 1795 1738 1866 contrarie
1760 1791 1928 1870 sententie
1945 1817 2045 1890 argu

564 1916 676 1966 menta
691 1917 728 1963 re
748 1915 852 1965 utare.
877 1894 915 1983 n)

1098 2131 1105 2148 ·
1207 2097 1244 2183 §.
1293 2094 1397 2168 Vlll.

564 2239 721 2318 Decimo
743 2245 983 2343 Eccltfiastica
1016 2247 1265 2348 Originctenus
1286 2248 1325 2319 in
1350 2227 1743 2344 Germnnfl'tffgnatae
1762 2245 1847 2336 lunt
1867 2243 2049 2350 Episcopis

1156 2363 1191 2433 ss
1210 2383 1268 2428 non
1296 2359 1450 2427 Paracht's.

681 2510 720 2576 In
737 2504 888 2603 presenti
905 2503 1127 2580 dissertatione
1142 2529 1252 2579 nutent
1268 2505 1351 2576 nihil
1366 2503 1460 2575 nobis
1476 2503 1527 2576 cll
1543 2508 1667 2598 negotii
1687 2529 1763 2578 cum
1779 2504 1916 2581 decimis
1933 2513 2047 2586 Lciea·

565 2599 671 2687 libus,
697 2602 751 2674 sed
772 2605 812 2676 de
825 2608 973 2676 Decimis
993 2602 1133 2686 Eccles,
1159 2629 1240 2700 ques
1255 2606 1286 2674 vi
1302 2607 1394 2699 Juris
1413 2607 1540 2673 Canon.
1560 2607 1757 2674 Communis
1776 2601 1883 2678 solent
1900 2631 2047 2704 preren·

434 2733 439 2742 ·
567 2700 647 2773 dere
661 2703 819 2799 parochi,
841 2705 936 2773 unica
957 2701 1002 2774 est
1021 2699 1157 2798 questio
1180 2702 1213 2774 dt
1232 2699 1434 2798 potissimum
1457 2700 1557 2770 nollri
1586 2705 1732 2773 Conatus
1756 2725 1797 2773 eo
1816 2704 1979 2789 redeunt,
2009 2731 2048 2783 ur

566 2798 830 2871 demonstremus
851 2801 978 2870 nullum
998 2824 1144 2897 unquam
1168 2802 1324 2895 parochis
1339 2803 1372 2867 in
1389 2802 1587 2880 Germanic,
1613 2800 1733 2894 quibus
1750 2799 1875 2872 nonnisi
1896 2828 2048 2897 congrua

566 2892 699 2993 semper
719 2898 900 2971 debebatur
914 2896 1119 2980 sustentatio,
1144 2903 1231 2971 circa
1254 2896 1334 2969 tales
1355 2899 1509 2966 Decimus
1530 2898 1583 2991 jus
1605 2894 1823 2992 comperiisl'm
1849 2924 1910 2972 nec
1926 2898 2047 2977 hodie·

565 2992 647 3067 dum
669 3021 878 3094 competere,
903 2996 993 3092 quod
1016 3020 1126 3070 autem
1146 2998 1328 3092 antiquitus
1351 2993 1391 3061 od
1404 2993 1569 3088 parochos
1593 3020 1659 3063 non
1684 2992 1860 3089 speslarint
1883 3001 2047 3087 Decime,

492 3088 494 3095 ’
565 3093 684 3165 exinde
698 3092 900 3189 potiilimum
914 3098 1061 3176 eruitur,
1087 3096 1165 3188 quia
1180 3094 1315 3165 decime
1336 3089 1457 3161 Eccles.
1474 3093 1700 3183 originetenus
1720 3096 1753 3162 in
1773 3094 1957 3167 Germania
1976 3122 2046 3171 non

565 3191 723 3285 parochis
745 3186 798 3263 sed
824 3188 997 3284 Episcopis
1016 3187 1112 3261 fuere
1137 3188 1315 3283 assignate,
1344 3190 1376 3259 dr
1397 3189 1465 3259 hec
1491 3186 1611 3261 Thess
1631 3186 1823 3260 inconcussis
1846 3192 1887 3262 td
1906 3194 2046 3269 oculum

565 3284 702 3381 probari
724 3285 830 3381 potest
854 3291 1060 3357 documentis
1080 3285 1235 3368 Hillor.,
1269 3286 1309 3357 iic
1333 3284 1430 3379 snpra
1450 3286 1516 3378 jam
1543 3285 1721 3357 deduslum
1744 3282 1808 3357 suit
1832 3289 2001 3385 impostos
2024 3319 2045 3365 a

547 3384 689 3457 0Carolo
716 3391 769 3460 M.
805 3383 986 3457 Senonibus
1019 3382 1156 3456 devislis
1188 3385 1332 3456 decimas
1367 3382 1517 3479 Epi-sco
1528 3388 1594 3478 pis
1627 3383 1838 3480 Wellpltaliae
1869 3384 2043 3481 allignatas

1936 3480 2047 3566 ionic.

475 3658 479 3671 '
607 3667 661 3749 m)
685 3669 782 3733 prout
802 3671 918 3735 fastum
938 3670 981 3733 est
999 3689 1049 3735 sn.
1076 3678 1166 3752 1708.
1192 3666 1354 3740 aludicio
1375 3666 1593 3732 Ecclesiastico
1613 3667 1822 3753 Wllrcebnrg.
1839 3672 1869 3737 io
1885 3674 1965 3741 Casu
1979 3677 2048 3743 De·

683 3754 853 3833 pilerorurn
878 3754 916 3814 de
940 3751 1154 3815 Wetzhausen
1175 3761 1285 3812 contra
1309 3750 1461 3823 Joennern
1488 3751 1661 3834 Philippum
1693 3750 1881 3837 Episcopum
1913 3758 2045 3845 Herbip.

707 3836 802 3897 uncto
823 3834 969 3896 Ecclcliae
990 3832 1199 3898 Unteresfeld.
1221 3832 1253 3895 dc
1268 3853 1316 3897 an.
1342 3852 1465 3913 1741.a
1486 3834 1611 3905 Judicio
1634 3836 1768 3915 lllctrop.
1792 3838 1878 3918 lllog.
1900 3841 1931 3902 in
1947 3841 2046 3907 Causa

681 3855 845 3981 lobilium
861 3918 901 3977 dc
921 3917 1058 3979 barbach
1082 3915 1211 3995 punslo.
1232 3912 1379 3976 Ecclestae
1399 3917 1429 3977 in
1449 3915 1631 3977 Allcndnrff
1653 3917 1738 3981 conf.
1762 3919 1879 3981 hisron
1899 3922 2048 4009 ‘llnsuuust

682 3994 804 4068 &mum
821 4001 871 4066 Μ
890 3998 931 4067 (33,
947 3997 1047 4067 „nnat
1072 3999 1109 4078 q),
1126 4019 1155 4081 p.
1168 4016 1240 4078 944.
1258 3994 1292 4058 δι
1306 3996 1473 4060 novissime
1489 4000 1519 4060 iu
1535 3998 1630 4060 Causa
1648 4001 1777 4081 quodum
1794 4002 1950 4071 construo.

569 4156 577 4230 ἰ
608 4122 656 4239 ir)
679 4154 773 4219 Vario
790 4154 821 4216 in
844 4152 904 4216 htc
919 4152 1046 4214 materia
1064 4152 1249 4233 prodierunt
1263 4150 1373 4233 scripta
1390 4150 1424 4215 dc
1441 4152 1564 4233 quidem
1582 4151 1756 4217 Occasione
1775 4152 1922 4237 allegttae
1935 4156 2045 4223 caurae

663 4236 822 4301 'stancon
847 4234 1066 4317 Depiferorum
1091 4235 1129 4296 de
1155 4231 1411 4297 ll'etzenhrusen
1436 4234 1592 4317 publicata
1612 4234 1721 4317 scripto
1745 4234 1778 4298 dc
1805 4236 1959 4320 Responsa
1983 4240 2059 4305 ra·-

682 4321 758 4383 cult.
787 4319 884 4392 Jurid.
912 4316 1051 4396 Tubing.
1079 4316 1112 4377 dc
1141 4315 1282 4380 Halleus.
1310 4316 1443 4396 junslim
1465 4319 1650 4397 prodierunt
1677 4318 1729 4381 sub
1754 4318 1877 4385 titulos
1918 4322 2047 4393 slhhrm!

600 4394 604 4403 ¹
681 4400 880 4475 rctsdtitotnet
899 4398 1056 4472 rtdltllillrr
1078 4397 1249 4465 uenenum.
1294 4417 1382 4480 1729.
1411 4419 1440 4478 4.
1468 4396 1503 4460 dc
1531 4417 1587 4481 pet
1609 4400 1739 4461 modum
1765 4402 1965 4482 Appendicis·
1987 4406 2044 4466 sd·

681 4480 788 4559 junsln
809 4483 877 4544 sunt
909 4480 1164 4543 Dissertationum
1198 4478 1413 4542 Scnwnnnrtr
1447 4476 1539 4542 Toto.
1570 4479 1611 4544 ll.
1643 4480 1675 4542 dc
1703 4482 1766 4542 huc
1791 4484 1907 4564 spectat
1933 4487 2045 4549 Επει-

684 4581 805 4626 srorur.
838 4564 1027 4626 Rnnrctnn
1055 4563 1086 4624 in
1119 4557 1192 4622 Diis.
1217 4560 1253 4624 de
1279 4563 1400 4624 decimis
1428 4560 1591 4624 Loicorum
1621 4566 1653 4625 in
1682 4566 1774 4625 terris
1798 4567 2042 4651 protestantium.

681 4640 800 4705 Esron
821 4648 850 4709 in
874 4650 921 4712 occ
942 4642 1262 4719 fflcutsssstlthrticu
1285 4651 1332 4711 ott
1357 4644 1507 4719 scottum
1546 4643 1577 4708 P.
1597 4662 1626 4707 2.
1654 4646 1796 4726 p..1126.
1823 4664 1878 4717 non
1904 4655 1967 4721 otu
1985 4650 2045 4734 sehr

674 4722 786 4807 orosto
804 4726 976 4809 uutcrtuito
996 4723 1124 4808 tullum
1140 4729 1192 4796 scu
1214 4724 1349 4807 tristius
1370 4731 1426 4795 uno
1447 4725 1600 4812 ntltliocn
1623 4726 1780 4811 {scottum
