4784 5550
552 571 626 695 oa
650 561 892 692 chrocho
918 613 953 688 A
981 601 1217 704 crucier.
1248 561 1421 689 ouciir.
1446 615 1733 693 Notarium
1749 617 1816 693 ec.
1877 639 1923 732 35

442 798 508 874 suot
533 795 737 912 scriptores3
760 798 819 894 qui
843 794 885 868 de
910 790 1114 891 Baptisleriis
1136 813 1288 959 vettium
1314 815 1465 886 egerunt.
1482 795 1522 893 n)
1571 759 1723 894 Syrrodiis
1745 796 1921 967 Vernepsp
2002 855 2005 860 .

1260 916 1276 958 2
1352 957 1359 968 .
1875 923 1896 966 o

628 1057 743 1122 Fundit
762 1059 798 1119 ad
821 1056 988 1141 Imperium
1015 1057 1052 1120 de
1076 1056 1199 1118 summo
1222 1058 1363 1120 Domino
1383 1058 1500 1123 didium

631 1142 726 1204 Hunc
745 1142 908 1204 anathema
929 1142 1026 1214 serit,
1066 1161 1128 1201 vos
1152 1140 1216 1203 hoc
1237 1143 1290 1223 qui
1313 1141 1427 1205 laedete
1446 1146 1569 1225 quaetit.

546 1297 712 1372 Quondam
733 1304 828 1377 prout
848 1293 1015 1356 Ecclesiam
1036 1293 1252 1376 Baptismalem
1282 1295 1389 1366 decet.
1428 1298 1461 1359 io
1487 1299 1593 1360 medio
1609 1293 1757 1359 Ecclesiae
1779 1296 1920 1377 pluribus

545 1379 698 1441 (iradibus
715 1376 879 1458 impositus
898 1375 931 1438 dr
953 1377 1090 1437 clausura
1111 1380 1323 1441 circumdatus
1343 1379 1465 1450 suerit,
1489 1398 1601 1442 verum
1628 1381 1670 1441 ob
1689 1397 1838 1458 magnum
1860 1397 1921 1458 po·

547 1462 610 1542 puli
625 1460 813 1522 concursum
830 1462 867 1519 ad
885 1459 1062 1539 ptaeditlam
1084 1457 1251 1521 Eccleliam
1275 1459 1309 1521 dr
1327 1456 1495 1542 preffiiram
1520 1460 1706 1527 Hominum,
1730 1470 1825 1542 prout
1841 1462 1920 1522 dici·

547 1555 597 1604 tur
610 1545 639 1605 in
657 1543 849 1624 diplomate,
871 1542 933 1622 jam
948 1561 996 1604 an.
1016 1559 1105 1620 1329.
1133 1541 1288 1604 Heoricus
1304 1543 1401 1606 Archi
1413 1541 1613 1624 -Episcopus
1633 1542 1719 1620 Mog.
1738 1540 1917 1623 permiserat

546 1625 694 1707 Capitulo
712 1622 868 1706 praedrttae
883 1622 1049 1695 Ecclesiae,
1070 1635 1105 1685 ut
1120 1622 1339 1705 Baptisterium
1354 1646 1372 1686 e
1388 1626 1493 1687 medio
1510 1623 1659 1687 Eccleliae
1678 1623 1918 1692 sublatumante
2004 1681 2008 1688 .

547 1707 642 1769 altare
665 1707 701 1772 B.
718 1708 852 1769 Andreae
878 1706 1026 1786 Apostoli
1043 1718 1224 1788 poneretur.
1268 1705 1362 1771 Coos.
1385 1708 1525 1787 diploma
1554 1709 1586 1769 io
1607 1705 1817 1771 Guoieuoe
1845 1705 1919 1769 Cod-

549 1790 682 1871 Diplom.
709 1788 805 1853 Tom.
825 1788 883 1851 lll.
908 1810 938 1870 p.
961 1783 1031 1869 267.
1062 1787 1178 1853 Verum
1203 1788 1343 1852 ilenrico
1365 1787 1657 1871 Archi-Episcopo
1680 1787 1833 1871 praedidio
1857 1809 1919 1851 ex·
2009 1835 2012 1842 .

477 1901 479 1905 ⁴
547 1872 783 1934 communicato
809 1867 1007 1952 &deposito
1033 1888 1098 1930 noo
1123 1873 1212 1934 veuit
1240 1872 1279 1932 ad
1302 1869 1450 1934 effectum
1469 1869 1611 1934 concess'a
1637 1871 1708 1933 haec
1729 1870 1914 1942 translatio,

542 1953 592 2017 sed
617 1954 773 2017 reservata
799 1952 926 2016 lotrad
955 1952 1079 2015 initium
1108 1951 1204 2032 hujus
1224 1952 1347 2026 saeculi,
1382 1952 1436 2015 ubi
1462 1953 1599 2016 Ecclelia
1626 1954 1660 2016 io
1688 1952 1916 2034 Augustiorem

542 2035 677 2098 sormam
694 2035 817 2098 redacta
838 2033 1053 2115 Baptisteiium
1076 2035 1262 2096 translatum
1281 2033 1341 2097 suit
1360 2035 1391 2096 in
1411 2034 1569 2099 Sacellum
1597 2035 1629 2099 S.
1656 2034 1794 2117 AEgidii,
1818 2045 1916 2117 prout

543 2119 645 2180 adhuc
666 2113 777 2179 moltis
801 2118 838 2178 ab
861 2117 918 2178 illo
937 2129 1081 2197 tempore
1107 2116 1292 2178 viventibus
1315 2116 1387 2179 satie
1417 2117 1461 2179 est
1486 2126 1619 2190 notum,
1652 2137 1722 2179 cum
1747 2129 1852 2181 autem
1880 2118 1916 2181 vi
2046 2117 2053 2126 ’

522 2201 729 2273 ,recentioris
748 2198 881 2262 instituti
905 2198 965 2260 hoc
989 2196 1204 2279 Baptisterium
1227 2216 1291 2258 oon
1315 2199 1448 2278 amplius
1474 2199 1592 2280 spectet
1613 2200 1650 2258 ad
1674 2200 1850 2263 universam
1869 2201 1917 2261 ci-

542 2283 696 2353 vitatem,
719 2282 767 2343 sed
782 2271 980 2343 solummodo
989 2281 1025 2340 ad
1037 2278 1217 2362 parochiam
1227 2280 1521 2362 hletropolitanam,
1538 2282 1672 2362 plebano
1685 2290 1789 2344 autem
1801 2280 1915 2343 Eccle·
2024 2349 2028 2354 ,

542 2363 593 2427 siz
615 2364 650 2427 B.
672 2364 715 2431 V.
737 2363 909 2425 hodiedum
930 2362 1056 2435 saltem,
1090 2373 1186 2443 prout
1214 2362 1296 2426 idem
1320 2364 1439 2425 intultu
1458 2362 1588 2426 aliarum
1611 2360 1818 2425 Ecclesiirum
1837 2361 1915 2424 Col·

541 2446 605 2527 leg.
633 2448 743 2527 viget,
766 2442 996 2527 competatlus
1013 2443 1140 2525 paroch.
1166 2444 1246 2507 lotii
1264 2445 1495 2508 immunitatem
1518 2441 1666 2507 Ecclesiae
1683 2445 1819 2526 colleg„
1843 2463 1912 2508 noo

538 2539 647 2592 autem
664 2530 695 2591 io
710 2527 818 2590 eadem
835 2526 971 2589 Ecclesia
987 2527 1053 2588 duo
1071 2524 1186 2608 possint
1198 2524 1262 2588 else
1280 2525 1480 2607 Baptisteriir‚
1510 2527 1534 2590 li
1552 2528 1683 2600 evenit,
1704 2530 1791 2609 qood
1827 2528 1914 2590 leba·

540 2629 599 2674 itur
628 2608 779 2673 Ecclefiae
812 2607 848 2673 B.
879 2609 921 2672 V.
957 2627 1126 2671 commone
1158 2611 1314 2690 acceperit
1341 2608 1382 2670 Ba
1405 2609 1556 2673 tilierium
1584 2612 1616 2674 io
1642 2606 1778 2673 Ecclesia
1804 2549 1913 2676 Eansti

537 2693 697 2763 ldauritii,
718 2692 771 2755 ubi
795 2691 895 2753 adhuc
912 2690 1010 2752 hodie
1031 2688 1167 2752 infantes
1190 2690 1351 2753 Parochiae
1376 2629 1411 2754 li.
1437 2690 1477 2758 V.
1508 2693 1735 2776 Baptizantur‚
1764 2711 1837 2776 quae
1854 2712 1912 2755 au-

456 2778 461 2788 '
539 2783 604 2839 teni
629 2775 834 2856 antiquitates
866 2773 1052 2855 paucissimis
1078 2783 1172 2835 notas
1208 2771 1376 2837 hocloco
1409 2773 1542 2839 inserere
1572 2795 1614 2838 eo
1644 2776 1746 2858 magii
1767 2777 1910 2858 placuit,

540 2878 613 2921 cum
626 2859 692 2922 illae
705 2858 739 2919 di
759 2855 857 2938 ipsum
872 2859 905 2919 iii
924 2855 1062 2917 Historia
1079 2853 1178 2917 Patria
1198 2855 1275 2918 aliia
1292 2856 1532 2921 versatissimum
1549 2858 1686 2921 laterent
1707 2856 1910 2936 Guorrtuir,

541 2951 639 3023 prout
654 2960 698 3002 ex
716 2951 794 3001 iiota
808 2938 878 3020 ejus
895 2938 933 2999 ad
952 2938 1124 3018 allegatum
1144 2936 1233 3020 supra
1248 2935 1388 3020 diploma
1403 2947 1499 3020 patet.

430 3050 433 3056 ’
478 3062 515 3145 l)
532 3055 567 3121 ln
590 3056 731 3121 Civitate
749 3054 908 3122 Wotmat.
931 3055 1033 3118 adhuc
1053 3057 1151 3117 hodie
1175 3067 1267 3119 extat
1290 3054 1428 3120 Ecclelia
1452 3055 1648 3201 Baptismalis
1679 3053 1711 3119 S.
1733 3053 1845 3126 Joanu.
1871 3051 1909 3119 Β.

540 3141 641 3203 dicata
663 3157 763 3221 prope
784 3137 955 3201 Ecclesiam
970 3137 1187 3201 Cathedtalem
1214 3138 1315 3217 polita
1337 3138 1499 3220 odtogona
1515 3141 1541 3201 ia
1561 3138 1674 3232 sprmae
1691 3139 1821 3209 condita
1836 3153 1912 3199 cum

542 3221 717 3285 cathedrali
734 3220 849 3283 saeculo
875 3221 966 3285 IX.a
996 3220 1155 3283 Burcatdo
1178 3219 1458 3286 Wormatieofium
1487 3219 1657 3303 Episcopo.
1683 3218 1770 3283 cons.
1798 3217 1912 3283 Sciri-
2028 3260 2038 3265 -

544 3308 659 3367 uiriii
687 3302 800 3387 Histoi.
825 3302 970 3367 Wormat.
996 3324 1026 3386 p.
1049 3301 1100 3366 62.
1123 3321 1193 3383 quae
1215 3306 1305 3365 unica
1326 3306 1484 3384 quondam
1505 3303 1566 3365 suit
1583 3302 1720 3366 Ecclesia
1740 3319 1798 3445 per
1820 3299 1911 3363 Civi·
1942 3356 1949 3369 .

500 3420 502 3425 ·
545 3394 637 3484 tatem
660 3384 870 3485 Baptismplis,
899 3385 996 3448 hodie
1022 3394 1127 3483 autem
1159 3386 1335 3484 primaria,
1372 3388 1446 3447 dum
1475 3384 1659 3528 expostiu
1679 3396 1732 3484 p·
1764 3383 1909 3483 arochiaa
1942 3406 1948 3411 ·

545 3467 639 3531 divisa
663 3468 724 3530 suit
740 3481 871 3540 civitas,
892 3481 987 3550 prout
1009 3467 1155 3530 discimus
1184 3489 1227 3530 ex
1256 3468 1429 3548 diplomate
1449 3467 1518 3529 Ade
1532 3469 1612 3529 berti
1635 3465 1782 3549 Episcopi
1809 3462 1910 3528 Wor-

542 3561 616 3613 mat.
649 3552 690 3611 de
727 3567 777 3616 aii.
814 3558 906 3631 1084.
946 3550 1028 3632 apud
1062 3548 1243 3640 Scirirrir.
1279 3552 1313 3612 iu
1346 3549 1409 3613 cod.
1439 3548 1562 3633 probat.
1597 3548 1665 3634 list.
1706 3544 1853 3612 Wormut.
1876 3567 1909 3628 p.
1960 3566 1962 3570 ·
2070 3607 2076 3614 .

539 3630 597 3696 ⁶0.
615 3651 647 3696 o.
675 3630 727 3695 66.

474 3753 503 3828 l>
523 3748 662 3826 Extabat
685 3749 763 3813 olim
787 3747 981 3830 Baptismalis
1002 3744 1139 3810 Ecclesia
1164 3745 1196 3808 io
1225 3744 1360 3809 Australi
1385 3740 1473 3824 parte
1500 3742 1696 3808 cathedralia
1725 3710 1911 3808 Hisdeshes·

541 3832 675 3904 mensis,
700 3844 796 3915 prout
810 3833 906 3894 refert
930 3831 1023 3892 nobis
1040 3831 1192 3892 Aorrroia
1209 3831 1281 3891 vito
1302 3826 1343 3917 S.
1361 3827 1537 3891 Godesmrdi'
1553 3847 1584 3892 o.
1598 3845 1649 3911 23.
1665 3829 1699 3891 io
1717 3825 1908 3892 Boanum

539 3913 614 3979 offis
641 3913 690 3978 Ss.
706 3915 744 3976 ad
760 3915 843 3976 diem
866 3922 1006 3994 quartam
1029 3911 1114 3990 lllaji.

471 4045 522 4112 m)
539 4030 576 4094 Iii
606 4028 680 4094 Vita
702 4028 736 4094 S.
773 4029 910 4095 Udalrr‘ci
938 4027 1113 4111 Augustani
1149 4025 1296 4109 Episcopi
1312 4045 1330 4087 a
1348 4025 1552 4101 Wousrirao,
1577 4026 1815 4093 Mioruiortro
1840 4021 1905 4089 dte.

540 4114 622 4176 edita
649 4114 811 4194 legimur:
849 4113 1007 4258 &rippam
1027 4115 1061 4174 in
1090 4110 1261 4173 Coemeteri'o
1287 4112 1321 4171 ἐκ
1337 4104 1476 4192 formam
1501 4112 1606 4173 Crucis
1629 4109 1780 4194 adificare
1798 4108 1907 4188 cupit,

539 4193 580 4259 δ’
596 4194 794 4279 aedificatione
835 4213 909 4275 pera
1002 4194 1155 4256 alteribus
1194 4189 1230 4256 V.
1270 4192 1304 4253 r‘n
1348 4209 1384 4253 eu
1424 4192 1591 4274 compofili'r
1608 4194 1654 4262 ‚in
1690 4191 1832 4253 honorem
1868 4185 1906 4253 S.

482 4288 484 4293 '
540 4274 721 4442 gominiis
748 4276 921 4352 dedicavit,
993 4272 1033 4339 89'
1068 4275 1181 4338 dolium
1223 4272 1419 4357 Baptizaridi'
1448 4274 1485 4337 de
1511 4281 1602 4358 petra
1634 4270 1767 4354 excisum
1799 4272 1833 4334 iia
1872 4286 1909 4335 ea

537 4361 678 4444 constitui
714 4361 778 4423 etit.
1772 4406 1778 4413 ,

466 4476 510 4559 ii)
530 4477 578 4541 De
600 4475 792 4557 Baptisteriis
821 4487 966 4539 veterum
996 4474 1088 4538 multi
1116 4470 1257 4555 scripsere
1278 4470 1381 4535 veluti
1406 4471 1624 4542 Bourienos,
1661 4465 1909 4539 Viscoitrrus,
1979 4447 1982 4451 ⁴
2085 4454 2089 4459 ’

535 4559 742 4631 Dumnonii,
774 4559 966 4627 Marruuia.
997 4557 1170 4619 ssiiciiii
1192 4553 1266 4618 dic.
1302 4552 1345 4616 Et
1368 4554 1608 4616 noviffimecit.
1635 4547 1740 4614 Pauo.
1768 4549 1811 4623 lli,
1839 4547 1906 4608 Pii·
2006 4614 2014 4621 ,

536 4661 708 4731 criuoroa
729 4643 763 4705 iri
782 4638 1127 4764 antiquit.Clirr]lianis
1147 4638 1183 4701 de
1207 4637 1295 4703 Cultu
1319 4634 1353 4703 S.
1379 4633 1523 4718 &oannis
1542 4633 1636 4721 Rape.
1658 4651 1729 4718 quae
1746 4644 1908 4780 ⁸¹¹1&ssss
