4784 5550
482 625 540 702 tlll
558 615 699 728 (bilei.
719 616 993 718 DEJURAM.
1010 613 1246 696 CALUMN.
1269 614 1393 744 l’ARS
1410 615 1565 698 PRIOR
1594 617 1751 701 CONT.
1768 619 1836 703 dte.
1866 645 1935 724 top

445 804 582 906 ‚prebet
600 807 825 887 taltnmirndi,
850 797 1014 902 falsasque
1037 799 1251 900 probationes
1273 823 1338 899 pro
1355 802 1444 875 verit
1468 798 1666 893 inducendi3
1699 803 1732 878 dt
1757 799 1800 878 lic
1816 803 1935 899 regule

466 903 592 978 tenebitr
618 909 669 976 adi
682 910 844 998 pericolum
862 910 958 996 majas
972 909 1154 983 intenditur,
1170 904 1209 972 ibi
1223 909 1324 996 procul
1339 906 1425 972 dulia
1440 903 1482 992 cst
1493 908 1609 995 plenius
1623 903 1840 990 consulendam.
1855 929 1932 1002 cap·

462 1031 489 1098 3.
502 1003 541 1075 de
561 1001 658 1074 ele'cl.
680 1005 711 1072 in
730 1007 786 1086 6.;
812 1025 848 1072 ut
869 999 1061 1070 strumenti
1088 1005 1211 1071 timore
1226 1000 1390 1070 calumnia
1406 997 1645 1094 compescatur.
1662 1006 1694 1071 D
1725 1002 1788 1075 Sed
1806 1001 1931 1086 obllct,

456 1102 536 1196 qood
553 1103 586 1170 in
603 1096 699 1172 causa
711 1099 875 1171 criminali
887 1104 1087 1169 criminaliter
1102 1119 1259 1168 intentato
1273 1123 1339 1168 non
1356 1119 1472 1188 agatur
1485 1123 1537 1187 per
1549 1121 1773 1192 procuratorem
1787 1125 1857 1196 cap¹
1876 1127 1931 1192 15·

455 1201 487 1268 de
506 1221 616 1269 accus.
669 1201 774 1292 Atqui
787 1219 859 1289 rap.
889 1223 917 1270 ι.
934 1201 963 1265 l.
987 1218 1010 1266 t.
1035 1195 1133 1275 dicit,
1169 1195 1317 1288 delegati
1344 1191 1433 1290 pulle
1454 1193 1493 1263 ad
1515 1193 1695 1286 jurandum
1721 1200 1792 1270 vice
1814 1199 1929 1274 cleticl

452 1319 709 1394 procuratores:
743 1319 825 1384 ergo
847 1319 912 1363 nott
938 1295 1088 1386 loquitur
1112 1293 1153 1364 de
1169 1293 1263 1364 caula
1286 1293 1504 1364 criminaliter
1520 1297 1688 1365 intentata.
1709 1299 1745 1368 0.
1772 1300 1811 1366 ln
1833 1295 1929 1370 causa

448 1393 608 1488 trintinali
626 1393 846 1464 criminaliter
867 1395 1023 1462 intentata
1039 1395 1239 1483 regulariter
1259 1417 1324 1460 non
1340 1391 1526 1460 admittitur
1549 1413 1765 1483 procurator,
1791 1396 1850 1489 qui
1863 1399 1927 1466 lota

447 1497 727 1583 tar-comparentis
746 1513 838 1581 agat,
871 1489 922 1559 rel
944 1486 1119 1560 defendat:
1148 1491 1369 1560 admittuntur
1384 1511 1493 1558 tamen
1520 1488 1688 1571 advocati,
1715 1485 1927 1577 defensores.

446 1591 732 1686 &procuratores
742 1592 835 1678 juxta
850 1593 1042 1679 principalem
1056 1609 1172 1679 partam
1189 1585 1311 1679 injure
1332 1608 1599 1681 comparentem:
1634 1586 1666 1657 dr
1689 1587 1808 1660 talibus
1832 1611 1932 1686 pote·

448 1687 644 1760 titelericus
661 1681 809 1756 officium
831 1684 963 1778 jurandi
985 1684 1149 1774 delegare.
1203 1685 1272 1755 Alii
1295 1683 1426 1764 dicum,
1450 1685 1492 1754 de
1508 1686 1578 1777 foto
1601 1692 1760 1771 canonico,
1784 1684 1842 1758 ubi
1857 1711 1926 1759 non

451 1783 606 1876 'adigitur
623 1808 721 1879 poena
744 1781 927 1873 sanguinis,
961 1782 1144 1877 procedere
1165 1805 1237 1876 cap.
1267 1805 1315 1866 t.;
1347 1806 1413 1854 non
1432 1805 1542 1854 autem
1565 1786 1601 1852 de
1619 1783 1690 1873 foto
1711 1789 1809 1856 civili.
1858 1785 1927 1859 sed

447 1877 664 1970 refelluntur,
691 1882 850 1977 quianon
867 1878 953 1950 solus
980 1885 1128 1949 Honorius
1143 1878 1243 1956 dixitt
1267 1885 1298 1949 io
1320 1879 1409 1971 caasa
1425 1883 1594 1963 criminali,
1619 1878 1789 1952 sedetiam
1808 1888 1926 1954 Heari-

446 2005 490 2054 ω
504 1983 718 2076 Imperator,
744 1981 801 2074 qui
818 1975 1006 2048 tamennon
1024 1977 1099 2046 tulit
1121 1977 1367 2047 ordinationem
1388 2001 1451 2071 pro
1469 1981 1593 2069 juditiis
1614 1985 1779 2061 canonicis,
1805 2003 1925 2076 utpote

445 2077 482 2150 ad
502 2101 582 2150 etam
605 2078 692 2148 nihil
710 2073 964 2170 pertinentibus.
986 2079 1029 2143 D.
1050 2079 1215 2168 Perquam
1241 2071 1324 2144 bene
1340 2072 1459 2158 lolvit,
1495 2074 1673 2166 &arguit
1725 2076 1788 2148 Sed
1813 2079 1923 2152 adhue

445 2199 567 2248 unm:
598 2175 722 2268 Qroad
744 2174 968 2266 juramentum
995 2171 1167 2242 calumniae
1187 2169 1306 2256 ullor,
1341 2171 1374 2243 dr
1398 2195 1474 2241 teus
1494 2197 1560 2242 oon
1586 2173 1708 2244 debent
1723 2174 1763 2244 ad
1781 2177 1924 2269 imparia

442 2273 595 2370 pedicari.
616 2283 697 2366 Arg.
720 2277 742 2344 l.
758 2297 804 2341 a.
829 2279 864 2341 C.
886 2274 915 2340 lt.
937 2291 962 2340 t.
988 2267 1051 2339 ibi:
1078 2275 1333 2360 aequaliorem,
1360 2293 1456 2361 mque
1472 2271 1661 2362 fugientem,
1687 2270 1724 2342 id
1747 2267 1793 2343 ell
1811 2295 1923 2345 reum.

444 2371 593 2446 storeas
613 2373 646 2442 in
662 2366 756 2443 caula
770 2366 934 2440 criminali
954 2391 1020 2437 non
1037 2387 1169 2438 tenetur
1183 2367 1224 2436 ad
1244 2365 1471 2460 juramentum
1489 2367 1679 2440 calumnie:
1712 2391 1794 2460 ergo
1808 2391 1922 2466 neque

444 2475 541 2550 nior,
563 2465 630 2542 stre
644 2471 809 2551 trcttlatot.
829 2473 863 2536 c.
882 2474 971 2558 Nego
986 2470 1079 2546 mita,
1105 2488 1181 2535 nam
1201 2463 1235 2535 dr
1256 2465 1291 2534 in
1306 2475 1444 2555 attalam
1461 2465 1648 2560 periculum
1664 2465 1836 2538 calumnie
1860 2463 1920 2550 cll,

444 2589 522 2668 pota
537 2591 559 2642 e
585 2589 639 2660 3.,
657 2565 749 2663 quod
764 2558 885 2635 frivola
899 2561 1088 2657 objellionc
1104 2567 1226 2653 maioris
1238 2567 1369 2634 triantis
1384 2561 1483 2635 vellet
1496 2562 1662 2659 repellere
1676 2561 1920 2649 accusatorem

443 2664 531 2777 qood
556 2684 792 2762 corrumperet
806 2660 950 2753 iudicem
969 2684 979 2744 ;
1009 2660 1100 2756 quod
1121 2661 1188 2731 litia
1206 2660 1373 2731 tardando
1387 2658 1482 2734 causa
1498 2656 1723 2733 frustratorias
1742 2661 1920 2735 dilationer

519 2786 590 2847 ret,
616 2763 673 2835 vel
689 2763 899 2859 exceptiones
915 2784 1019 2854 prenae
1034 2758 1204 2830 dilatorias
1220 2783 1444 2855 proponeret;
1471 2757 1562 2855 quod
1577 2784 1641 2855 pto
1660 2765 1847 2835 innocentia
1862 2756 1920 2835 sue
1992 2804 2006 2815 =

441 2786 637 2937 minuet
659 2855 757 2932 falsor
781 2856 895 2940 telles,
921 2859 953 2928 u
978 2854 1019 2929 ste
1051 2855 1231 2929 accusatori
1251 2857 1373 2928 malam
1404 2881 1477 2928 rem
1499 2857 1700 2932 calumniose
1726 2854 1919 2949 facelletet,

438 2956 657 3076 proeormdo
671 2960 702 3029 ei
720 2955 927 3031 conllltutam
947 2953 1076 3046 legibus
1097 2956 1273 3027 talionem·
1294 2959 1339 3025 D.
1357 2957 1441 3025 Hac
1466 2950 1542 3025 latia
1564 2952 1741 3049 justificant
1754 2981 1845 3028 tuam
1858 2982 1920 3033 oe·

438 3078 626 3151 gautonem
653 3056 957 3153 putaaigiturcum
976 3059 1192 3125 Panormitam
1211 3051 1314 3141 hic§.
1334 3057 1461 3148 Qaro,
1485 3051 1920 3149 etiamattusaticonlcien·
2024 3040 2027 3045 ¹
2065 3090 2071 3095 ·

438 3156 521 3229 tiam
534 3158 659 3227 timore
678 3152 777 3244 hujus
790 3153 969 3247 juramenti
990 3151 1265 3223 commovendam
1285 3146 1366 3231 elle,
1397 3175 1438 3222 ne
1459 3148 1554 3222 fimul
1575 3152 1692 3246 perdat
1714 3176 1855 3249 corpus,
1881 3150 1919 3227 de

437 3254 605 3336 nimam
631 3276 745 3345 quanto
760 3257 838 3321 enim
854 3256 921 3343 pois
934 3256 1025 3322 morti
1046 3254 1177 3321 vicinior
1197 3250 1341 3334 efficitur,
1368 3268 1455 3320 tanto
1475 3252 1546 3342 fieti
1570 3256 1704 3322 timidior
1731 3254 1826 3324 delta.
1843 3270 1919 3327 can.¹

444 3373 506 3438 24.
522 3347 593 3424 dist.
617 3358 674 3430 86.
698 3349 762 3423 Sed
783 3370 897 3419 contra
916 3345 971 3420 ell.
1003 3349 1053 3437 r.)
1078 3348 1166 3442 Quia
1182 3342 1375 3439 periculosa
1398 3344 1443 3417 ell
1467 3348 1555 3430 haec,
1581 3371 1618 3420 ut
1643 3346 1712 3446 ipse
1732 3346 1915 3433 insinualli,

438 3445 674 3545 adjutandum
694 3443 877 3545 compulsio
904 3447 995 3541 ejus,
1018 3449 1075 3541 qui
1098 3442 1143 3516 est
1169 3448 1203 3515 in
1230 3442 1402 3536 angustiis.
1425 3447 1479 3536 a.)
1494 3442 1657 3517 Aciulato
1675 3447 1750 3520 licet
1770 3450 1804 3518 in
1826 3448 1917 3543 capi·

435 3545 560 3619 talibue
580 3544 793 3628 criminibus,
823 3568 897 3639 qnae
921 3568 1034 3638 puttam
1058 3549 1165 3614 mortis
1186 3547 1378 3625 continent,
1410 3548 1697 3636 qualiterqualiter
1721 3541 1918 3636 sanguinem

435 3640 533 3717 sorni
548 3644 761 3740 redemptum
780 3643 877 3715 velle.
894 3646 917 3713 l.
937 3670 966 3714 r.
977 3644 1016 3733 ff.
1035 3645 1072 3713 de
1084 3644 1151 3713 loo.
1168 3667 1229 3712 eor.
1246 3646 1319 3732 pai,
1344 3639 1470 3711 &ideo
1491 3664 1558 3712 non
1573 3664 1700 3713 tantum
1718 3638 1915 3738 petmillum

435 3738 531 3815 ellel
550 3745 735 3833 transigere
750 3746 772 3815 l.
793 3759 845 3818 tt.
860 3743 897 3810 de
917 3746 1081 3817 timialia
1113 3737 1168 3810 sed
1190 3741 1289 3811 ctiam
1308 3740 1523 3823 admetiatittm
1545 3764 1729 3835 corrumpere
1745 3743 1767 3813 l.
1791 3768 1820 3813 1.
1839 3743 1916 3826 cit..

437 3838 569 3913 &ficut
589 3839 682 3936 ajunt
697 3850 844 3918 veteres,
868 3842 1008 3911 mentiti:
1033 3861 1115 3929 ergo
1138 3838 1170 3908 u
1191 3843 1379 3917 calumniati.
1401 3842 1441 3909 C.
1461 3834 1659 3932 Respondeo
1675 3838 1715 3910 ad
1747 3838 1793 3931 ι.)
1808 3862 1916 3913 retor-

434 3938 591 4107 qolepdo:
618 3962 701 4050 ergo
719 3961 784 4105 neet
799 3932 1171 4104 inbtp‘aspaussvieliuastlttcp),
1189 3956 1272 4104 ecttpltp
1290 3932 1914 4109 ⁰5l2⁰5,?,⁶,e⁸¹,lstlmlti⁶⁰·elm}

434 4057 824 4231 ppmipetpapppeppbps
844 4058 913 4202 tlotl
930 4058 1120 4204 amittlndls
1144 4056 1318 4227 pljeraatq:
1356 4056 1464 4213 idem,
1500 4058 1934 4230 ειεὲοωιιῖἓιιῗοιἍιίεεῖιιειῗιιιι·Ι

435 4232 531 4305 elicui
543 4233 775 4328 juramentum
797 4235 1039 4321 expurgationis,
1069 4252 1184 4301 contra
1207 4252 1255 4301 tot
1277 4248 1443 4301 conones:
1474 4230 1573 4313 item,
1598 4255 1680 4323 ergo
1697 4253 1807 4324 neque
1831 4252 1911 4301 retra

434 4331 662 4425 angariabitnt
677 4328 865 4423 juramento
880 4326 1072 4400 devetitate
1087 4330 1232 4408 dicenda,
1258 4349 1374 4397 contra
1399 4336 1473 4423 cap.
1498 4344 1550 4405 tl·
1573 4334 1610 4399 de
1628 4334 1756 4413 attolat.
1772 4328 1826 4399 ad
1856 4328 1912 4417 2.)

435 4430 510 4501 Nec
524 4452 716 4522 rrumpere
735 4426 947 4511 adversariam
965 4421 1102 4522 pofitive
1126 4424 1221 4507 licet,
1246 4430 1474 4523 ιιεςμιιιριιζιῇήἸ
1494 4423 1537 4517 ad
1559 4424 1790 4496 redimendum
1812 4422 1912 4499 suum
1985 4488 1990 4501 .

435 4522 645 4619 sangumem
673 4522 728 4599 sed
745 4526 795 4597 let
812 4526 870 4596 cit.
885 4524 982 4605 dicit,
1011 4522 1219 4617 ignoscendum
1241 4514 1313 4613 effi,
1337 4512 1396 4593 no'tt
1417 4516 1539 4595 noceret
1563 4522 1712 4615 intellige
1733 4523 1915 4617 coramjoo

437 4622 564 4703 ditibus
572 4623 706 4702 soeculit
730 4647 768 4702 ex
790 4618 858 4699 istit
885 4644 996 4697 tamen
1016 4616 1272 4793 oonsequitop),
1296 4616 1386 4717 polle
1400 4616 1585 4699 accusatum
1599 4622 1784 4719 talamuosts
1799 4620 1912 4791 modpa

1288 4743 1307 4790 2
1717 4734 1729 4747 ··
1891 4737 1914 4799 e
