4784 5550
454 621 526 730 140
671 591 1706 712 retertur-onascunarva

381 823 383 828 '
414 861 416 866 -
449 813 586 883 anteced.
611 805 711 900 Quod
730 802 829 875 alsers
847 803 888 876 de
903 808 1018 876 Arrhi-
1031 806 1193 900 Episcopis,
1219 829 1338 876 uerum
1355 803 1419 876 esl:
1445 803 1651 900 quiasummi
1666 799 1846 876 Pontifices
1860 827 1928 876 tunt

450 907 615 1004 temporis
640 903 855 982 censuerunt,
881 903 985 1002 secffe
1000 911 1030 972 in
1049 905 1137 1006 cusq,
1161 902 1202 973 ab
1222 905 1288 972 illis
1306 905 1450 996 amplius
1472 903 1600 998 aliquid
1621 901 1793 994 erigendi,
1820 929 1932 996 quarn,

450 1010 511 1090 eli,
536 1005 595 1094 est,
622 1023 761 1098 propter
785 991 911 1070 malum
934 999 1120 1094 frequentis
1137 1000 1321 1072 resiliensiae
1341 1001 1382 1070 ab
1399 1000 1548 1072 Ecclefiae
1568 985 1712 1082 unitsle,
1740 1000 1773 1071 ἂ
1800 1025 1819 1069 a
1840 1003 1934 1072 Sedis

448 1099 653 1201 ‘Apollolieae
671 1099 878 1178 obedientia,
905 1123 964 1167 nec
979 1125 1045 1167 nnn
1061 1103 1292 1195 proruptionis
1313 1098 1496 1169 multorum
1515 1122 1630 1170 contra
1652 1121 1817 1170 canonum
1838 1095 1934 1168 slatu-

451 1228 501 1284 ta,
527 1206 626 1273 etiam
649 1191 721 1295 poll
738 1195 977 1268 sacramentum
1001 1193 1184 1290 praellitum
1201 1195 1422 1293 presumpte.
1475 1197 1595 1294 Qroad
1623 1199 1801 1288 Gaffinantes
1823 1218 1934 1266 aurem

449 1301 620 1378 monnulus,
646 1321 749 1386 nego,
777 1287 866 1388 qu'od
882 1291 1045 1364 excusatio
1059 1318 1196 1374 eorum,
1223 1318 1380 1388 tanquam
1394 1291 1533 1376 frivola,
1559 1291 1663 1364 fuerit
1677 1291 1822 1386 rejesla3
1845 1315 1935 1374 nant,

451 1397 532 1472 telle
546 1395 665 1468 eodem
681 1395 850 1463 Chronico
865 1392 926 1462 loe.
941 1393 1017 1476 cin,
1043 1388 1212 1462 Succellor
1228 1399 1352 1462 Hanarii
1370 1397 1416 1466 ll.
1433 1417 1499 1462 non
1519 1395 1629 1482 coegit
1644 1415 1701 1464 eos
1715 1391 1846 1478 iurare:
1875 1385 1936 1462 fal·

452 1495 524 1569 sum
540 1497 661 1584 ingerit
678 1493 852 1568 Grnaalrz,
879 1487 1071 1570 scribendo,
1098 1488 1189 1586 quod
1207 1496 1398 1560 Innocentius
1414 1494 1478 1560 lll.
1491 1487 1616 1561 miserit
1632 1485 1935 1582 adeoaepillolam,

451 1591 587 1688 quaeest
605 1600 681 1674 cap.
700 1601 754 1657 26.
771 1591 810 1656 alr
819 1591 969 1678 jurejnr..
992 1585 1064 1681 poll
1079 1611 1179 1681 quam
1193 1587 1363 1658 cessaverit
1378 1585 1583 1683 superstitio,
1599 1587 1632 1658 ἃ
1648 1609 1827 1680 praetextus
1845 1609 1936 1658 ever·

451 1691 544 1766 sandi
560 1685 756 1759 obedientie
773 1683 861 1775 jugi5
889 1709 964 1753 nam
982 1686 1037 1754 illa
1055 1686 1229 1756 decretalis
1245 1687 1328 1755 nihil
1345 1689 1492 1756 continet
1504 1686 1544 1756 de
1559 1686 1618 1755 hac
1638 1687 1848 1778 caffinenfiarn
1861 1705 1937 1756 ceu·

452 1790 504 1871 sa,
531 1811 590 1856 nec
621 1781 742 1853 suited
766 1779 841 1851 illos
861 1777 971 1866 milsn3
1000 1778 1053 1851 sed
1077 1782 1116 1851 ad
1134 1784 1314 1852 monachos
1333 1783 1517 1871 castellionis
1532 1787 1565 1851 in
1588 1779 1716 1853 ditecesr
1739 1779 1935 1866 Vindunenfi,

455 1881 660 1974 indulgendo
680 1882 745 1960 eis,
771 1903 807 1948 ut
831 1875 1058 1948 deficientibus
1077 1881 1148 1949 aliis
1171 1879 1322 1960 testibus,
1352 1905 1415 1972 pto
1437 1880 1652 1970 indemnitate
1675 1878 1723 1950 sui
1743 1877 1937 1956 monallerii

454 1985 569 2081 jurare
586 1973 704 2075 pollint
720 1981 752 2045 in
769 1976 926 2070 qualitate
952 1975 1094 2053 tcllium.
1148 1983 1203 2048 Ad
1220 1978 1404 2068 Consequens
1421 1976 1604 2068 dillinguo:
1630 1976 1652 2049 st
1672 1983 1831 2070 legislator
1850 1993 1934 2048 cana·

456 2088 538 2155 nicus
555 2078 634 2147 velit
654 2071 801 2146 Clericus
819 2099 954 2166 quoqne
979 2079 1019 2143 de
1040 2075 1202 2144 calumnia
1218 2075 1332 2167 jurare
1357 2079 1394 2144 (ἶ.
1414 2086 1604 2169 Antequam
1623 2075 1702 2146 uelit
1719 2081 1769 2147 N.
1792 2073 1936 2146 libenter

456 2182 545 2252 enim
567 2173 731 2252 concedo,
759 2173 849 2266 quod
873 2195 960 2240 tanta
983 2178 1031 2240 ris
1055 2197 1119 2241 non
1144 2171 1216 2243 instt
1233 2173 1281 2242 illi
1309 2197 1479 2266 precepto
1494 2173 1639 2263 generali
1663 2179 1772 2244 denen
1791 2177 1938 2268 juranda,

392 2347 398 2356 ,
456 2300 494 2348 ut
518 2271 686 2364 legislator
710 2293 851 2362 nequeat
866 2275 1064 2359 particulares
1086 2269 1351 2360 juramentorum
1370 2278 1476 2360 [pestes
1498 2267 1731 2363 prescribere,
1756 2267 1778 2340 fl
1802 2267 1940 2340 obvian·

456 2377 536 2444 (lum
559 2367 661 2442 suerit
685 2369 782 2438 alicui
807 2367 916 2452 malo;
959 2390 1100 2463 propter
1123 2369 1186 2438 hoc
1209 2371 1297 2438 enirn
1322 2369 1453 2440 ‘tricenta
1475 2365 1572 2448 sunt,
1611 2367 1644 2438 or
1667 2363 1824 2466 permissa
1843 2367 1939 2464 jutae

457 2493 580 2546 mensu.

574 2672 632 2748 48.
658 2663 702 2730 D.
727 2666 841 2730 cantra
861 2657 963 2744 ella.
991 2657 1130 2731 Clericis
1151 2683 1217 2730 non
1242 2657 1315 2730 sunt
1335 2659 1397 2730 alia
1412 2659 1598 2754 juramento
1620 2656 1810 2756 prohibita,
1835 2681 1939 2754 quam

463 2758 514 2859 a.)
528 2783 578 2851 pet
593 2778 767 2853 creaturas:
795 2782 864 2831 can,
884 2782 918 2843 9.
935 2760 1041 2827 XXll.
1055 2784 1089 2853 q.
1118 2786 1165 2840 r.‚
1194 2759 1227 2829 a<
1247 2761 1297 2849 2.)
1314 2766 1437 2829 incauta
1457 2755 1656 2829 sacramente
1691 2783 1762 2831 ean.
1781 2786 1813 2831 a.
1832 2762 1876 2829 ll.
1903 2782 1938 2853 q.

464 2864 596 2951 5.Quae
619 2882 699 2926 vero
721 2878 782 2924 tres
805 2862 926 2925 sentires
951 2854 1088 2937 habent,
1124 2861 1316 2936 veritatem,
1350 2858 1532 2939 indicium,
1568 2854 1798 2948 &iristitiam
1825 2856 1940 2931 licent.

461 2966 538 3029 can.
562 2984 592 3025 a.
617 2958 780 3045 Xt'rrsq.
804 2982 820 3023 2
886 2957 929 3021 Er
954 2954 1017 3022 ltoe
1040 2979 1104 3022 non
1130 2978 1256 3023 tantum
1280 2955 1398 3050 probat
1425 2961 1595 3023 Gratianus
1616 2980 1653 3024 et
1676 2957 1709 3023 S.
1732 2952 1940 3045 Augustino,

459 3056 566 3128 relato
582 3058 613 3122 in
631 3077 696 3123 crin.
717 3079 748 3120 2.
772 3076 803 3136 3.
827 3081 859 3126 a.
883 3080 915 3132 5·
936 3068 967 3120 ό.
992 3052 1024 3121 ἃ
1050 3077 1102 3138 ¹4·
1129 3056 1235 3125 XXll.
1257 3078 1289 3146 q.
1320 3079 1368 3132 r.‚
1395 3050 1569 3121 sedetiam
1598 3058 1787 3121 Innocentius
1809 3058 1879 3125 111.
1905 3054 1940 3121 in

460 3179 521 3243 cap.
542 3166 585 3221 26
615 3153 810 3235 deleniat,
843 3148 974 3219 ubinit:
997 3155 1065 3217 licet
1087 3157 1289 3236 iuramentum
1312 3150 1484 3243 probibnrffe
1508 3156 1654 3219 Dnrninus
1673 3154 1848 3223 videntum·
1872 3144 1941 3233 nul:

460 3274 550 3345 quarn
570 3270 670 3315 raanan
689 3269 748 3336 per
765 3248 977 3325 Creatorem,
1003 3248 1053 3332 {eti
1070 3272 1130 3340 per
1147 3272 1352 3329 creaturam,
1374 3253 1481 3337 jurare
1500 3250 1670 3337 probibuit:
1693 3270 1775 3337 ergo
1791 3272 1859 3317 non
1885 3246 1941 3317 etl·

461 3345 507 3422 est
519 3349 669 3439 generalis
685 3342 949 3435 juramentorum
965 3346 1122 3433 prnlrilirio
1137 3344 1247 3437 quoad
1264 3346 1430 3415 Clericus:
1465 3341 1702 3439 consequenter
1719 3368 1780 3439 per
1800 3342 1835 3417 se
1851 3344 1941 3417 cadit

461 3470 555 3520 tuum
577 3463 811 3535 argumentum
827 3466 846 3508 a
858 3465 967 3531 genere
980 3442 1021 3508 ad
1038 3439 1186 3531 speram
1221 3466 1297 3510 cum
1320 3462 1423 3532 genua
1450 3442 1512 3512 lroc
1532 3440 1568 3511 fir
1593 3466 1760 3513 non-ens.
1792 3446 1941 3534 confirm.

462 3538 623 3637 lnspeslis
646 3537 800 3609 omnibus
819 3534 1098 3619 authoritatibus,
1127 3561 1193 3608 tam
1210 3536 1306 3609 sacrae
1326 3544 1525 3634 Scriptura,
1552 3564 1650 3633 quam
1668 3542 1723 3611 SS.
1740 3542 1940 3631 (lenonum,

461 3640 546 3711 nilnl
562 3638 650 3706 aliud
669 3634 835 3728 sequitur,
863 3660 962 3729 quam
979 3634 1127 3705 Clericus
1146 3638 1290 3720 aillinart
1306 3642 1441 3707 deberea
1464 3638 1653 3730 juramento
1668 3643 1838 3721 calurnnr'a,
1863 3661 1941 3709 con·

447 3738 638 3831 'sequenter
662 3738 795 3803 etiamn
817 3738 934 3822 litigia,
956 3753 1050 3810 tunc,
1077 3758 1140 3801 trun
1163 3741 1273 3803 malam
1301 3746 1419 3817 caulem
1442 3736 1648 3823 recognoseunt
1667 3738 1699 3821 [e
1713 3736 1846 3825 favere,
1869 3760 1941 3807 non

463 3836 560 3907 alias:
588 3830 639 3899 vel
663 3854 744 3918 ergo
759 3834 838 3897 nala
854 3832 915 3919 fide
932 3830 1094 3919 litigatum
1110 3855 1203 3911 eunt,
1236 3829 1485 3901 &absterrendi
1503 3830 1575 3901 litnt
1594 3833 1760 3902 mediante
1772 3832 1941 3925 juramen·

461 3958 497 4007 to
513 3928 704 4006 calumniam
729 3926 779 3995 vel
798 3928 871 3994 buna
885 3930 960 4014 fide,
988 3928 1095 3997 &nec
1111 3951 1247 4021 prerepto
1270 3936 1411 4011 Domini,
1436 3954 1495 3999 nec
1515 3934 1624 4020 regulis
1640 3930 1856 4043 rrelsfflrcas,
1881 3956 1941 4005 ve·

463 4051 575 4105 tantur
595 4024 719 4118 jurare.
775 4026 813 4093 C.
840 4028 967 4115 Nego,
999 4024 1127 4095 clericis
1150 4052 1215 4095 non
1236 4022 1299 4096 else
1326 4032 1391 4095 alra
1413 4031 1586 4114 iuramenta
1609 4026 1802 4120 prnlnbtta,
1835 4052 1941 4125 quam

463 4152 538 4225 quae
555 4120 700 4193 fneerenr
714 4144 765 4211 per
781 4143 957 4192 creaturas:
983 4127 1132 4215 quamvis
1155 4127 1244 4193 enim
1273 4131 1464 4195 Innocentius
1485 4128 1518 4190 in
1540 4126 1595 4192 cit.
1621 4129 1703 4217 Cap.
1729 4134 1786 4197 26.
1806 4125 1871 4200 hoc
1893 4132 1941 4199 ita

342 4252 346 4259 ·
463 4226 544 4297 velit
559 4220 738 4316 explicare,
766 4215 837 4313 post
854 4222 884 4289 S.
912 4228 1121 4308 Hieronymum
1141 4222 1234 4291 relat.
1256 4227 1287 4291 in
1310 4247 1375 4293 ran.
1402 4248 1433 4299 7·
1457 4218 1489 4289 u
1512 4234 1543 4301 8.
1563 4223 1678 4291 XXII.
1703 4248 1733 4312 q.
1757 4252 1767 4290 r
1793 4248 1804 4295 t
1829 4248 1941 4297 tamen

465 4330 500 4395 S.
528 4326 657 4390 ‘Ilioneus
681 4343 712 4384 ι.
736 4344 767 4385 a.
793 4318 889 4405 qrtaell.
915 4336 971 4397 ες.
995 4339 1057 4386 arr.
1078 4346 1110 4387 ι.
1135 4315 1260 4397 censet,
1296 4316 1387 4388 illam
1410 4314 1653 4411 responfionem
1675 4345 1741 4389 non
1763 4310 1941 4410 sufficere}

434 4442 437 4447 ·
465 4420 544 4512 quia
569 4416 701 4511 Jacebus
724 4414 868 4484 addidit:
903 4440 995 4505 neque
1018 4419 1103 4483 aliud
1123 4421 1313 4505 quodcunque
1335 4420 1552 4504 iuramentum.
1599 4418 1794 4510 Jurantenta
1809 4424 1942 4494 incauta

467 4513 603 4611 quidem
622 4510 859 4603 prohibentur,
886 4508 930 4580 all
943 4536 1033 4592 non,
1059 4511 1262 4606 relinquitur
1272 4517 1385 4604 judicio
1398 4519 1524 4606 privato
1541 4512 1652 4584 clerici
1670 4516 1833 4601 astaram.
1859 4516 1942 4591 sitne

391 4658 393 4663 ·
466 4614 578 4695 luunt,
603 4607 693 4703 quod
715 4607 870 4705 praellare
886 4612 1026 4704 cogitat,
1050 4607 1276 4703 juramentum
1298 4632 1448 4697 cautum,
1482 4634 1543 4685 nec
1566 4636 1626 4697 ne,
1651 4609 1706 4685 sed
1729 4612 1828 4689 deber
1845 4616 1941 4691 adire

1853 4722 1941 4801 luunt
