4784 5550
406 385 426 572 ἶ
533 452 795 538 metuunt.
813 451 1021 536 emunt.
1037 454 1251 538 runcuu
1272 454 1459 590 eostre
1479 454 1733 538 uacusstr.
1751 459 1821 570 ue,
1861 481 1937 584 aar.
2007 411 2051 522 ‘-

1006 676 1008 680 ·
1109 676 1145 766 t·
1196 668 1275 746 vt.

392 853 416 938 ·4
570 837 742 933 Negetira
766 840 909 939 proinde
929 840 1088 918 sententia
1110 867 1177 916 oon
1193 843 1288 917 omni
1304 838 1523 919 fundamento
1542 844 1675 942 penitus
1695 840 1849 921 destituta
1865 847 1936 927 atrii
2041 863 2048 878 '

398 943 412 1096 4
460 938 1686 1134 stultulus:ul‘ltlltlull³l⁰u,testu
1708 945 1741 1111 r
1765 953 1853 1111 u
1872 947 1935 1114 u·

393 1071 403 1190 l
460 1155 497 1206 eo
520 1134 762 1207 Archiaiotum
784 1135 1085 1214 Ecclestalliaotum
1114 1159 1170 1210 aut
1199 1137 1445 1232 Capitulatium
1469 1067 1729 1235 plrscrunulrl’
1744 1068 1856 1210 ll'ullldl
1867 1067 1937 1212 elul:¹

456 1229 566 1306 edam
585 1231 808 1328 adjiciendum
819 1257 990 1330 putarunt.
1029 1235 1214 1331 Multiplex
1228 1239 1356 1331 quippe
1368 1234 1445 1333 ipsis
1462 1239 1549 1308 ratio
1562 1233 1736 1330 suffragari
1752 1236 1898 1317 uidetur.

563 1405 592 1479 t.
619 1403 701 1474 Hoc
720 1399 793 1498 ipso
808 1403 917 1485 enim,
942 1401 1034 1500 quod
1054 1399 1203 1476 Precislae
1222 1405 1384 1476 terminua
1401 1405 1520 1496 integri
1538 1401 1656 1477 mensa
1675 1401 1842 1476 concessus
1858 1403 1931 1496 dig·

456 1495 627 1583 noscatur,
650 1503 735 1572 intra
749 1524 850 1593 quern
868 1498 1147 1618 ipssbeneficium
1164 1497 1301 1597 aliquod
1320 1527 1435 1574 vacans
1455 1528 1528 1573 accc
1557 1525 1627 1572 tare
1644 1503 1694 1574 uel
1715 1528 1782 1572 nou
1802 1499 1839 1573 stt
1853 1526 1931 1597 per·
1955 1570 1962 1580 ,
2044 1537 2049 1550 4

455 1593 608 1683 nissum3
641 1599 741 1672 etiam
766 1593 940 1668 infinuruo
964 1603 1101 1671 Precum
1126 1598 1259 1672 suarum
1283 1600 1325 1672 ad
1342 1599 1431 1674 buna
1452 1528 1610 1678 effessum
1630 1597 1785 1696 permissa
1801 1596 1929 1673 censeri

456 1691 606 1779 debebit,
632 1720 708 1768 aum
729 1695 768 1766 ad
789 1694 932 1768 eundem
948 1692 1048 1768 finem
1064 1698 1187 1772 tendat.

444 1873 446 1878 '
563 1865 611 1936 11.
638 1861 781 1935 Collatia
799 1883 874 1934 ante
891 1858 1036 1932 mensem
1053 1859 1200 1960 elapsum
1217 1863 1257 1936 ab
1275 1864 1462 1942 Ordinatio
1479 1860 1564 1937 falia
1580 1890 1643 1963 per
1663 1868 1929 1964 acceptationem

393 1977 395 2010 4
456 1955 670 2058 pollesiorem
693 1958 841 2031 Pteeislae
864 1956 1039 2030 retrusisti
1057 1958 1165 2056 potell
1178 1984 1188 2049 ;
1220 1987 1281 2034 cut
1299 1988 1364 2036 non
1386 1965 1485 2034 etiam
1509 1989 1568 2060 pet
1584 1963 1835 2036 insinuationem
1854 1986 1927 2052 tum

445 2055 724 2130 'nudosaslami
765 2055 960 2128 lusnuando
980 2063 1068 2127 enim
1094 2055 1183 2128 suam
1199 2059 1611 2156 receptandivoluutatem
1636 2065 1841 2162 intempore
1860 2084 1926 2160 pet·
2062 2149 2065 2154 p

419 2171 421 2176 '
455 2154 607 2254 Diploma
623 2180 761 2256 precum
776 2152 896 2228 diserte
913 2152 1061 2228 concesso
1081 2153 1212 2230 abunde
1229 2157 1383 2230 declarat.

563 2328 629 2397 111.
655 2321 776 2396 Efficax
793 2326 982 2418 praeprimis
999 2348 1232 2416 argumentum
1250 2324 1401 2408 uidetur,
1433 2324 1524 2422 quod
1545 2352 1585 2398 er
1602 2324 1670 2421 ipsa
1686 2327 1779 2423 Juria
1799 2327 1925 2423 prime·

393 2455 395 2518 ς
456 2446 522 2496 mm
548 2426 689 2494 Ptecuru
711 2425 842 2514 origine
867 2423 898 2492 dt
924 2427 1007 2518 Jure
1030 2428 1200 2494 communi
1222 2424 1331 2495 eidem
1358 2424 1524 2519 adplicata
1544 2427 1730 2497 deducitur.
1783 2429 1924 2500 Certum

393 2529 397 2582 ι
453 2525 540 2636 ‘etnim
563 2545 583 2590 a
604 2519 759 2618 pluribus
784 2522 992 2602 admittitur,
1030 2521 1119 2592 idem
1138 2524 1231 2618 Juris
1253 2524 1441 2617 primarum
1458 2524 1599 2595 Ptecum
1614 2517 1924 2596 Cesarearumelse
2078 2613 2081 2618 ,

393 2615 1698 2815 ·:slltlllqlu,llllfflll‘lllll’nlsslll'f'532032l‘
1709 2620 1923 2812 nillil}
2074 2774 2083 2783 ,,

450 2818 544 2905 ιὶαψ
560 2842 591 2886 tn
610 2840 727 2905 corpore
749 2820 840 2912 juris
865 2839 1023 2885 cammarus
1039 2814 1175 2890 dicitur.
1225 2818 1319 2891 Nam
1339 2811 1372 2885 dr
1390 2816 1545 2885 Summos
1564 2811 1743 2886 Pontifices
1765 2812 1805 2884 ab
1823 2816 1929 2911 lttitita¹

449 2910 521 2985 solis
537 2912 693 3010 precibus
712 2913 799 3008 apud
818 2910 1000 3007 Episcopus
1020 2912 1052 2984 dt
1070 2912 1151 2983 alios
1170 2912 1346 2983 collatores
1365 2910 1563 2984 ordinarios
1578 2908 1653 2981 usos
1668 2905 1761 2983 suilse
1776 2908 1921 2995 aonslat,

449 3032 482 3084 ot
504 3014 543 3083 lti
566 3015 727 3083 nimitum
745 3010 809 3081 illia
832 3007 996 3083 Beneficia
1015 3005 1229 3088 eonsertent‚
1264 3034 1348 3107 quos
1366 3003 1426 3100 ipst
1448 3007 1728 3105 commendandos
1747 3009 1922 3085 duxerant.
1999 3065 2001 3068 ι

448 3110 518 3181 Hae
534 3132 647 3181 autem
664 3112 697 3178 in
715 3107 865 3178 mandata
883 3107 1017 3178 demum
1033 3104 1259 3200 degenerasse,
1285 3132 1324 3179 ea
1340 3127 1542 3178 tamencum
1559 3103 1716 3178 modestia
1733 3109 1920 3182 etiamnum

449 3228 594 3291 retenta,
618 3228 655 3276 ut
671 3190 743 3276 see
760 3208 793 3274 in
810 3204 924 3276 eadem
942 3202 1081 3276 Ecclesia
1098 3230 1164 3276 non
1181 3207 1359 3284 iterarent,
1386 3200 1440 3275 sed
1460 3206 1606 3275 contenti
1622 3200 1738 3285 essent,
1765 3201 1787 3274 st
1803 3203 1855 3275 vel
1873 3197 1922 3277 ser·
2035 3218 2041 3225 '

392 3290 417 3357 ἷ·
449 3306 511 3379 mel
526 3307 569 3375 iia
585 3298 662 3379 esset
677 3296 891 3377 sarissaslum.
942 3306 1008 3375 His
1028 3303 1163 3373 demum
1180 3300 1359 3373 reservatio
1376 3297 1518 3373 succeffit
1535 3325 1612 3373 mox
1626 3323 1826 3381 memorata,
1847 3321 1919 3394 qua

393 3424 394 3429 ’
450 3396 604 3475 beneficia
650 3424 832 3496 uaecunque
854 3400 887 3472 dt
906 3422 1181 3495 quarumcunque
1200 3396 1418 3483 Eeclefiarum
1436 3399 1751 3493 &quotiescunque
1766 3420 1829 3493 pet
1845 3394 1920 3469 obn

393 3524 394 3529 ’
452 3518 518 3571 tum
531 3425 724 3571 Benesciati
745 3503 779 3567 in
798 3499 900 3568 Curia
923 3499 1067 3568 vacantia
1084 3497 1125 3567 ad
1154 3493 1333 3567 solitariam
1356 3492 1524 3566 Pontificis
1545 3494 1757 3566 collationem
1784 3513 1921 3566 avocate

393 3556 413 3655 l·
445 3596 529 3676 lunt.
579 3602 638 3667 Ne
654 3618 763 3666 tamen
784 3595 854 3665 ltaee
869 3596 969 3664 nimis
992 3595 1051 3679 diu
1072 3592 1332 3664 ordinariorum
1356 3586 1550 3688 potestatem
1568 3590 1765 3687 impediret,
1799 3589 1920 3665 mensta

392 3662 399 3757 l
454 3713 579 3791 tempus
605 3689 777 3789 prefixum
801 3687 883 3771 suit,
917 3715 986 3788 quo
1004 3686 1116 3787 elapso
1138 3688 1228 3761 nulla
1250 3688 1393 3783 amplius
1417 3684 1596 3761 reservatio
1621 3688 1741 3760 iisdem
1762 3688 1921 3769 obstaret.

393 3784 399 3871 '.
455 3792 537 3867 idem
552 3791 743 3887 exemplum
763 3784 960 3861 Pontificum
980 3792 1204 3885 Imperatores
1230 3784 1331 3860 secuti
1350 3787 1447 3856 initio
1461 3786 1560 3881 nudis¹
1578 3786 1731 3880 precibus
1748 3788 1915 3881 agendum

456 3886 505 3960 fibi
524 3880 711 3969 duxerunt,
751 3886 834 3959 illud
861 3888 986 3980 quippe
1007 3909 1026 3955 a
1047 3881 1272 3958 collatoribus
1291 3884 1468 3957 ordinariis
1491 3881 1547 3955 sthi
1571 3883 1661 3957 haud
1686 3883 1917 3975 denegandum

457 3979 523 4073 sote
536 3989 621 4070 rati,
649 3983 739 4080 ¹quod
758 3987 852 4079 Papae
867 3982 1021 4077 precrbus
1042 3981 1215 4074 indulgere
1237 3977 1394 4053 solebant.
1444 3984 1522 4053 Nec
1540 4002 1651 4054 tamen
1671 3983 1715 4053 ita
1724 3983 1762 4065 lti
1781 3978 1917 4070 sitinge-

455 4077 585 4165 bantur,
618 4106 655 4155 ut
674 4076 851 4153 necessario
867 4084 906 4149 iis
929 4080 1113 4175 parendum
1137 4074 1237 4163 esset;
1271 4074 1326 4149 sed
1344 4100 1499 4172 tanquam
1517 4081 1614 4150 nudae
1637 4102 1752 4173 preces
1772 4076 1804 4147 dr
1827 4097 1918 4149 aom-
2055 4098 2062 4105 ·

455 4182 674 4253 mendatiunes
695 4178 734 4250 ab
750 4174 941 4249 admiffione
955 4201 1071 4248 eorum
1088 4177 1261 4249 arbitraria
1281 4173 1490 4272 pendebant,
1510 4178 1568 4246 nist
1590 4176 1712 4263 regulae
1732 4173 1919 4268 prudentia

455 4276 537 4350 aliud
555 4276 751 4361 suaderent,
776 4298 878 4376 prout
898 4272 1072 4348 observant
1097 4280 1134 4347 N
1143 4294 1275 4346 atet.
1300 4282 1590 4348 Abexattntttt
1615 4273 1659 4366 a)
1682 4270 1715 4345 dt
1740 4275 1917 4371 Lunuv.

1144 4376 1269 4471 qu
1801 4373 1920 4446 Tnoe
1990 4388 1996 4397 '

484 4561 519 4636 a)
540 4553 659 4626 Histoe.
678 4554 796 4624 Eccles.
811 4555 1014 4627 aasaec.x1.
1029 4556 1062 4623 de
1076 4551 1153 4628 ΧΠ.
