<?xml version="1.0" encoding="UTF-8"?>
<!DOCTYPE html PUBLIC "-//W3C//DTD XHTML 1.0 Transitional//EN"
    "http://www.w3.org/TR/xhtml1/DTD/xhtml1-transitional.dtd">
<html xmlns="http://www.w3.org/1999/xhtml" xml:lang="en" lang="en">
 <head>
  <title>
</title>
<meta http-equiv="Content-Type" content="text/html;charset=utf-8" />
  <meta name='ocr-system' content='tesseract 3.04.00' />
  <meta name='ocr-capabilities' content='ocr_page ocr_carea ocr_par ocr_line ocrx_word'/>
</head>
<body>
  <div class='ocr_page' id='page_1' title='image "./thesavrvsivrise03schmgoog_0334.png"; bbox 0 0 4784 5550; ppageno 0'>
   <div class='ocr_carea' id='block_1_1' title="bbox 450 619 1470 729">
    <p class='ocr_par' dir='ltr' id='par_1_1' title="bbox 450 619 1470 729">
     <span class='ocr_line' id='line_1_1' title="bbox 450 619 1470 729; baseline -0.004 -28"><span class='ocrx_word' id='word_1_1' title='bbox 450 639 525 729; x_wconf 73' lang='lat' dir='ltr'>„e</span> <span class='ocrx_word' id='word_1_2' title='bbox 898 619 1470 701; x_wconf 81' lang='lat' dir='ltr'>utssuttrnrto</span> 
     </span>
    </p>
   </div>
   <div class='ocr_carea' id='block_1_2' title="bbox 450 790 1908 1000">
    <p class='ocr_par' dir='ltr' id='par_1_2' title="bbox 450 790 1908 1000">
     <span class='ocr_line' id='line_1_2' title="bbox 450 790 1908 906; baseline -0.004 -21"><span class='ocrx_word' id='word_1_3' title='bbox 450 813 522 897; x_wconf 74' lang='lat' dir='ltr'>sse,</span> <span class='ocrx_word' id='word_1_4' title='bbox 543 833 699 906; x_wconf 82' lang='lat' dir='ltr'>tanqutnt</span> <span class='ocrx_word' id='word_1_5' title='bbox 716 790 938 902; x_wconf 72' lang='lat' dir='ltr'>undequaque</span> <span class='ocrx_word' id='word_1_6' title='bbox 952 802 1080 885; x_wconf 83' lang='lat' dir='ltr'>talida,</span> <span class='ocrx_word' id='word_1_7' title='bbox 1099 802 1166 897; x_wconf 78' lang='lat' dir='ltr'>jam</span> <span class='ocrx_word' id='word_1_8' title='bbox 1186 807 1248 900; x_wconf 81' lang='lat' dir='ltr'>Jus</span> <span class='ocrx_word' id='word_1_9' title='bbox 1265 798 1456 899; x_wconf 69' lang='lat' dir='ltr'>persesium</span> <span class='ocrx_word' id='word_1_10' title='bbox 1474 804 1508 876; x_wconf 92' lang='lat' dir='ltr'>in</span> <span class='ocrx_word' id='word_1_11' title='bbox 1529 826 1567 876; x_wconf 90' lang='lat' dir='ltr'>re</span> <span class='ocrx_word' id='word_1_12' title='bbox 1589 802 1727 890; x_wconf 81' lang='lat' dir='ltr'>tribuit,</span> <span class='ocrx_word' id='word_1_13' title='bbox 1755 804 1845 904; x_wconf 82' lang='lat' dir='ltr'>quud</span> <span class='ocrx_word' id='word_1_14' title='bbox 1860 830 1908 906; x_wconf 87' lang='lat' dir='ltr'>pet</span> 
     </span>
     <span class='ocr_line' id='line_1_3' title="bbox 450 898 1609 1000; baseline -0.013 -13"><span class='ocrx_word' id='word_1_15' title='bbox 450 910 651 992; x_wconf 78' lang='lat' dir='ltr'>Mandatum</span> <span class='ocrx_word' id='word_1_16' title='bbox 669 906 722 982; x_wconf 81' lang='lat' dir='ltr'>vel</span> <span class='ocrx_word' id='word_1_17' title='bbox 737 906 1016 977; x_wconf 88' lang='lat' dir='ltr'>Nominatiuuetu</span> <span class='ocrx_word' id='word_1_18' title='bbox 1031 926 1098 973; x_wconf 85' lang='lat' dir='ltr'>uon</span> <span class='ocrx_word' id='word_1_19' title='bbox 1118 902 1263 999; x_wconf 85' lang='lat' dir='ltr'>tmpstua</span> <span class='ocrx_word' id='word_1_20' title='bbox 1280 898 1407 974; x_wconf 85' lang='lat' dir='ltr'>auferri</span> <span class='ocrx_word' id='word_1_21' title='bbox 1426 899 1549 1000; x_wconf 76' lang='lat' dir='ltr'>potesi,</span> <span class='ocrx_word' id='word_1_22' title='bbox 1572 904 1609 995; x_wconf 79' lang='lat' dir='ltr'>b)</span> 
     </span>
    </p>
   </div>
   <div class='ocr_carea' id='block_1_3' title="bbox 1112 1105 1260 1210">
    <p class='ocr_par' dir='ltr' id='par_1_3' title="bbox 1112 1105 1260 1210">
     <span class='ocr_line' id='line_1_4' title="bbox 1112 1105 1260 1210; baseline 0 -25"><span class='ocrx_word' id='word_1_23' title='bbox 1112 1105 1163 1210; x_wconf 73' lang='lat' dir='ltr'>t..</span> <span class='ocrx_word' id='word_1_24' title='bbox 1196 1110 1260 1187; x_wconf 86' lang='lat' dir='ltr'>xt.</span> 
     </span>
    </p>
   </div>
   <div class='ocr_carea' id='block_1_4' title="bbox 345 1277 1962 2739">
    <p class='ocr_par' dir='ltr' id='par_1_4' title="bbox 345 1277 1962 2739">
     <span class='ocr_line' id='line_1_5' title="bbox 565 1277 1917 1378; baseline -0.001 -19"><span class='ocrx_word' id='word_1_25' title='bbox 565 1282 763 1359; x_wconf 82' lang='lat' dir='ltr'>Evidentior</span> <span class='ocrx_word' id='word_1_26' title='bbox 784 1277 851 1362; x_wconf 81' lang='lat' dir='ltr'>esi,</span> <span class='ocrx_word' id='word_1_27' title='bbox 875 1305 949 1376; x_wconf 78' lang='lat' dir='ltr'>quae</span> <span class='ocrx_word' id='word_1_28' title='bbox 969 1283 1001 1352; x_wconf 93' lang='lat' dir='ltr'>in</span> <span class='ocrx_word' id='word_1_29' title='bbox 1025 1285 1109 1378; x_wconf 87' lang='lat' dir='ltr'>Cap.</span> <span class='ocrx_word' id='word_1_30' title='bbox 1143 1287 1176 1355; x_wconf 81' lang='lat' dir='ltr'>Si</span> <span class='ocrx_word' id='word_1_31' title='bbox 1196 1284 1336 1374; x_wconf 75' lang='lat' dir='ltr'>capitose</span> <span class='ocrx_word' id='word_1_32' title='bbox 1347 1308 1383 1364; x_wconf 79' lang='lat'>5·</span> <span class='ocrx_word' id='word_1_33' title='bbox 1407 1283 1446 1353; x_wconf 80' lang='lat' dir='ltr'>de</span> <span class='ocrx_word' id='word_1_34' title='bbox 1465 1277 1594 1374; x_wconf 77' lang='lat' dir='ltr'>coeteff.</span> <span class='ocrx_word' id='word_1_35' title='bbox 1621 1281 1732 1367; x_wconf 73' lang='lat' dir='ltr'>ucttefi</span> <span class='ocrx_word' id='word_1_36' title='bbox 1754 1287 1814 1356; x_wconf 83' lang='lat' dir='ltr'>ves</span> <span class='ocrx_word' id='word_1_37' title='bbox 1839 1288 1917 1358; x_wconf 74' lang='lat' dir='ltr'>tm.</span> 
     </span>
     <span class='ocr_line' id='line_1_6' title="bbox 345 1371 1918 1474; baseline -0.003 -12"><span class='ocrx_word' id='word_1_38' title='bbox 345 1405 350 1412; x_wconf 86' lang='lat'>&#39;</span> <span class='ocrx_word' id='word_1_39' title='bbox 451 1411 511 1463; x_wconf 78' lang='lat' dir='ltr'>etr</span> <span class='ocrx_word' id='word_1_40' title='bbox 534 1409 609 1462; x_wconf 75' lang='lat' dir='ltr'>vat.</span> <span class='ocrx_word' id='word_1_41' title='bbox 629 1381 754 1453; x_wconf 89' lang='lat' dir='ltr'>ibidem</span> <span class='ocrx_word' id='word_1_42' title='bbox 775 1382 808 1448; x_wconf 91' lang='lat' dir='ltr'>in</span> <span class='ocrx_word' id='word_1_43' title='bbox 834 1386 893 1448; x_wconf 74' lang='lat' dir='ltr'>oto</span> <span class='ocrx_word' id='word_1_44' title='bbox 914 1385 1109 1474; x_wconf 90' lang='lat' dir='ltr'>reperitur,</span> <span class='ocrx_word' id='word_1_45' title='bbox 1139 1374 1320 1474; x_wconf 81' lang='lat' dir='ltr'>dispositio.</span> <span class='ocrx_word' id='word_1_46' title='bbox 1371 1382 1450 1449; x_wconf 88' lang='lat' dir='ltr'>Hoc</span> <span class='ocrx_word' id='word_1_47' title='bbox 1467 1371 1557 1451; x_wconf 91' lang='lat' dir='ltr'>enim</span> <span class='ocrx_word' id='word_1_48' title='bbox 1574 1377 1696 1453; x_wconf 77' lang='lat' dir='ltr'>diserte</span> <span class='ocrx_word' id='word_1_49' title='bbox 1711 1379 1848 1453; x_wconf 79' lang='lat' dir='ltr'>siuruitt</span> <span class='ocrx_word' id='word_1_50' title='bbox 1872 1388 1918 1465; x_wconf 82' lang='lat' dir='ltr'>„Si</span> 
     </span>
     <span class='ocr_line' id='line_1_7' title="bbox 453 1475 1922 1576; baseline -0.003 -20"><span class='ocrx_word' id='word_1_51' title='bbox 453 1483 518 1575; x_wconf 76' lang='lat' dir='ltr'>„ad</span> <span class='ocrx_word' id='word_1_52' title='bbox 534 1479 749 1576; x_wconf 80' lang='lat' dir='ltr'>Capitulum,</span> <span class='ocrx_word' id='word_1_53' title='bbox 773 1476 814 1546; x_wconf 88' lang='lat' dir='ltr'>td</span> <span class='ocrx_word' id='word_1_54' title='bbox 832 1476 921 1569; x_wconf 77' lang='lat' dir='ltr'>quod</span> <span class='ocrx_word' id='word_1_55' title='bbox 946 1476 1081 1548; x_wconf 84' lang='lat' dir='ltr'>collatio</span> <span class='ocrx_word' id='word_1_56' title='bbox 1104 1475 1360 1548; x_wconf 79' lang='lat' dir='ltr'>Praebeudurum</span> <span class='ocrx_word' id='word_1_57' title='bbox 1385 1479 1551 1568; x_wconf 83' lang='lat' dir='ltr'>pertinet,</span> <span class='ocrx_word' id='word_1_58' title='bbox 1570 1475 1771 1576; x_wconf 59' lang='lat' dir='ltr'>ayontifice</span> <span class='ocrx_word' id='word_1_59' title='bbox 1791 1482 1922 1560; x_wconf 66' lang='lat' dir='ltr'>Mandat</span> 
     </span>
     <span class='ocr_line' id='line_1_8' title="bbox 451 1569 1919 1672; baseline 0 -22"><span class='ocrx_word' id='word_1_60' title='bbox 451 1603 548 1671; x_wconf 86' lang='lat' dir='ltr'>„tunt</span> <span class='ocrx_word' id='word_1_61' title='bbox 558 1579 600 1650; x_wconf 91' lang='lat' dir='ltr'>de</span> <span class='ocrx_word' id='word_1_62' title='bbox 616 1572 825 1672; x_wconf 83' lang='lat' dir='ltr'>providendo</span> <span class='ocrx_word' id='word_1_63' title='bbox 841 1569 1006 1645; x_wconf 75' lang='lat' dir='ltr'>diresbum</span> <span class='ocrx_word' id='word_1_64' title='bbox 1021 1569 1143 1657; x_wconf 86' lang='lat' dir='ltr'>fuerit,</span> <span class='ocrx_word' id='word_1_65' title='bbox 1167 1597 1228 1669; x_wconf 92' lang='lat' dir='ltr'>per</span> <span class='ocrx_word' id='word_1_66' title='bbox 1245 1570 1345 1642; x_wconf 84' lang='lat' dir='ltr'>susam</span> <span class='ocrx_word' id='word_1_67' title='bbox 1362 1573 1451 1643; x_wconf 75' lang='lat' dir='ltr'>illiue</span> <span class='ocrx_word' id='word_1_68' title='bbox 1473 1572 1763 1670; x_wconf 75' lang='lat' dir='ltr'>presentttiouem</span> <span class='ocrx_word' id='word_1_69' title='bbox 1778 1578 1919 1672; x_wconf 79' lang='lat' dir='ltr'>capitulo</span> 
     </span>
     <span class='ocr_line' id='line_1_9' title="bbox 452 1667 1921 1774; baseline -0.003 -26"><span class='ocrx_word' id='word_1_70' title='bbox 452 1675 536 1774; x_wconf 85' lang='lat' dir='ltr'>„ipsi</span> <span class='ocrx_word' id='word_1_71' title='bbox 552 1672 694 1754; x_wconf 64' lang='lat' dir='ltr'>faidam,</span> <span class='ocrx_word' id='word_1_72' title='bbox 718 1671 843 1766; x_wconf 87' lang='lat' dir='ltr'>absque</span> <span class='ocrx_word' id='word_1_73' title='bbox 858 1670 921 1741; x_wconf 88' lang='lat' dir='ltr'>alia</span> <span class='ocrx_word' id='word_1_74' title='bbox 939 1674 1038 1743; x_wconf 92' lang='lat' dir='ltr'>etiam</span> <span class='ocrx_word' id='word_1_75' title='bbox 1057 1673 1252 1741; x_wconf 81' lang='lat' dir='ltr'>Etecutoris</span> <span class='ocrx_word' id='word_1_76' title='bbox 1273 1667 1507 1755; x_wconf 70' lang='lat' dir='ltr'>minuatione,</span> <span class='ocrx_word' id='word_1_77' title='bbox 1527 1670 1747 1752; x_wconf 86' lang='lat' dir='ltr'>inhibitione,</span> <span class='ocrx_word' id='word_1_78' title='bbox 1766 1669 1921 1746; x_wconf 80' lang='lat' dir='ltr'>seureser·</span> 
     </span>
     <span class='ocr_line' id='line_1_10' title="bbox 451 1763 1921 1864; baseline -0.003 -18"><span class='ocrx_word' id='word_1_79' title='bbox 451 1777 607 1862; x_wconf 85' lang='lat' dir='ltr'>„vatione</span> <span class='ocrx_word' id='word_1_80' title='bbox 629 1765 845 1846; x_wconf 81' lang='lat' dir='ltr'>beneficium,</span> <span class='ocrx_word' id='word_1_81' title='bbox 868 1791 1015 1863; x_wconf 89' lang='lat' dir='ltr'>proquo</span> <span class='ocrx_word' id='word_1_82' title='bbox 1035 1763 1242 1839; x_wconf 85' lang='lat' dir='ltr'>conferendo</span> <span class='ocrx_word' id='word_1_83' title='bbox 1260 1767 1418 1864; x_wconf 88' lang='lat' dir='ltr'>scriptum</span> <span class='ocrx_word' id='word_1_84' title='bbox 1434 1772 1560 1849; x_wconf 77' lang='lat' dir='ltr'>extitit,</span> <span class='ocrx_word' id='word_1_85' title='bbox 1578 1768 1661 1838; x_wconf 83' lang='lat' dir='ltr'>adeo</span> <span class='ocrx_word' id='word_1_86' title='bbox 1678 1765 1848 1841; x_wconf 66' lang='lat' dir='ltr'>roseum</span> <span class='ocrx_word' id='word_1_87' title='bbox 1861 1769 1921 1853; x_wconf 85' lang='lat' dir='ltr'>esse,</span> 
     </span>
     <span class='ocr_line' id='line_1_11' title="bbox 450 1862 1919 1962; baseline -0.003 -18"><span class='ocrx_word' id='word_1_88' title='bbox 450 1896 511 1960; x_wconf 91' lang='lat' dir='ltr'>„ut</span> <span class='ocrx_word' id='word_1_89' title='bbox 527 1873 569 1941; x_wconf 89' lang='lat' dir='ltr'>de</span> <span class='ocrx_word' id='word_1_90' title='bbox 587 1868 645 1939; x_wconf 89' lang='lat' dir='ltr'>illo</span> <span class='ocrx_word' id='word_1_91' title='bbox 663 1866 757 1938; x_wconf 84' lang='lat' dir='ltr'>alteri</span> <span class='ocrx_word' id='word_1_92' title='bbox 778 1862 863 1935; x_wconf 77' lang='lat' dir='ltr'>sosia</span> <span class='ocrx_word' id='word_1_93' title='bbox 882 1866 1026 1936; x_wconf 85' lang='lat' dir='ltr'>Collatio</span> <span class='ocrx_word' id='word_1_94' title='bbox 1041 1892 1107 1936; x_wconf 91' lang='lat' dir='ltr'>non</span> <span class='ocrx_word' id='word_1_95' title='bbox 1125 1866 1274 1937; x_wconf 81' lang='lat' dir='ltr'>obtineat</span> <span class='ocrx_word' id='word_1_96' title='bbox 1292 1862 1497 1938; x_wconf 80' lang='lat' dir='ltr'>firmitatem.</span> <span class='ocrx_word' id='word_1_97' title='bbox 1512 1914 1535 1946; x_wconf 90' lang='lat'><strong>„</strong></span> <span class='ocrx_word' id='word_1_98' title='bbox 1581 1869 1615 1935; x_wconf 79' lang='lat' dir='ltr'>si</span> <span class='ocrx_word' id='word_1_99' title='bbox 1634 1868 1739 1958; x_wconf 85' lang='lat' dir='ltr'>igitur</span> <span class='ocrx_word' id='word_1_100' title='bbox 1763 1867 1919 1962; x_wconf 79' lang='lat' dir='ltr'>praesenta·</span> 
     </span>
     <span class='ocr_line' id='line_1_12' title="bbox 450 1958 1919 2058; baseline -0.005 -15"><span class='ocrx_word' id='word_1_101' title='bbox 450 1973 536 2043; x_wconf 89' lang='lat' dir='ltr'>tioni</span> <span class='ocrx_word' id='word_1_102' title='bbox 551 1967 603 2041; x_wconf 82' lang='lat' dir='ltr'>vei</span> <span class='ocrx_word' id='word_1_103' title='bbox 622 1963 829 2037; x_wconf 77' lang='lat' dir='ltr'>insinuationi</span> <span class='ocrx_word' id='word_1_104' title='bbox 847 1987 885 2035; x_wconf 86' lang='lat' dir='ltr'>ee</span> <span class='ocrx_word' id='word_1_105' title='bbox 901 1963 1060 2034; x_wconf 89' lang='lat' dir='ltr'>tribuitur</span> <span class='ocrx_word' id='word_1_106' title='bbox 1077 1971 1126 2034; x_wconf 81' lang='lat' dir='ltr'>tis</span> <span class='ocrx_word' id='word_1_107' title='bbox 1144 1963 1175 2033; x_wconf 84' lang='lat' dir='ltr'>dr</span> <span class='ocrx_word' id='word_1_108' title='bbox 1193 1958 1358 2042; x_wconf 82' lang='lat' dir='ltr'>cfficacia,</span> <span class='ocrx_word' id='word_1_109' title='bbox 1385 1986 1421 2032; x_wconf 89' lang='lat' dir='ltr'>ut</span> <span class='ocrx_word' id='word_1_110' title='bbox 1440 1959 1634 2057; x_wconf 80' lang='lat' dir='ltr'>potestatem</span> <span class='ocrx_word' id='word_1_111' title='bbox 1659 1964 1835 2035; x_wconf 89' lang='lat' dir='ltr'>Ordintrii</span> <span class='ocrx_word' id='word_1_112' title='bbox 1856 1967 1919 2058; x_wconf 75' lang='lat' dir='ltr'>liget</span> 
     </span>
     <span class='ocr_line' id='line_1_13' title="bbox 452 2056 1919 2161; baseline -0.003 -21"><span class='ocrx_word' id='word_1_113' title='bbox 452 2068 487 2140; x_wconf 88' lang='lat' dir='ltr'>dt</span> <span class='ocrx_word' id='word_1_114' title='bbox 507 2064 686 2161; x_wconf 86' lang='lat' dir='ltr'>impediat,</span> <span class='ocrx_word' id='word_1_115' title='bbox 709 2058 870 2157; x_wconf 85' lang='lat' dir='ltr'>quamdiu</span> <span class='ocrx_word' id='word_1_116' title='bbox 893 2060 961 2133; x_wconf 74' lang='lat' dir='ltr'>huc</span> <span class='ocrx_word' id='word_1_117' title='bbox 980 2057 1066 2132; x_wconf 72' lang='lat' dir='ltr'>satia</span> <span class='ocrx_word' id='word_1_118' title='bbox 1088 2086 1156 2132; x_wconf 90' lang='lat' dir='ltr'>non</span> <span class='ocrx_word' id='word_1_119' title='bbox 1178 2056 1301 2142; x_wconf 88' lang='lat' dir='ltr'>suerit,</span> <span class='ocrx_word' id='word_1_120' title='bbox 1324 2059 1427 2130; x_wconf 85' lang='lat' dir='ltr'>libera</span> <span class='ocrx_word' id='word_1_121' title='bbox 1452 2061 1508 2129; x_wconf 85' lang='lat' dir='ltr'>illa</span> <span class='ocrx_word' id='word_1_122' title='bbox 1534 2059 1568 2130; x_wconf 87' lang='lat' dir='ltr'>dt</span> <span class='ocrx_word' id='word_1_123' title='bbox 1596 2060 1751 2156; x_wconf 80' lang='lat' dir='ltr'>expedita</span> <span class='ocrx_word' id='word_1_124' title='bbox 1777 2085 1919 2135; x_wconf 84' lang='lat' dir='ltr'>remanet.</span> 
     </span>
     <span class='ocr_line' id='line_1_14' title="bbox 404 2152 1962 2260; baseline -0.005 -26"><span class='ocrx_word' id='word_1_125' title='bbox 404 2173 407 2178; x_wconf 85' lang='lat'>&#39;</span> <span class='ocrx_word' id='word_1_126' title='bbox 453 2162 558 2260; x_wconf 78' lang='lat' dir='ltr'>Quod</span> <span class='ocrx_word' id='word_1_127' title='bbox 584 2157 693 2257; x_wconf 85' lang='lat' dir='ltr'>ipsum</span> <span class='ocrx_word' id='word_1_128' title='bbox 718 2181 809 2229; x_wconf 86' lang='lat' dir='ltr'>tantu</span> <span class='ocrx_word' id='word_1_129' title='bbox 838 2159 944 2249; x_wconf 81' lang='lat' dir='ltr'>magis</span> <span class='ocrx_word' id='word_1_130' title='bbox 965 2160 1098 2230; x_wconf 88' lang='lat' dir='ltr'>adeam</span> <span class='ocrx_word' id='word_1_131' title='bbox 1130 2158 1282 2230; x_wconf 82' lang='lat' dir='ltr'>Mendati</span> <span class='ocrx_word' id='word_1_132' title='bbox 1312 2157 1354 2228; x_wconf 87' lang='lat' dir='ltr'>de</span> <span class='ocrx_word' id='word_1_133' title='bbox 1378 2152 1582 2228; x_wconf 80' lang='lat' dir='ltr'>conferendo</span> <span class='ocrx_word' id='word_1_134' title='bbox 1602 2154 1750 2253; x_wconf 86' lang='lat' dir='ltr'>speciem</span> <span class='ocrx_word' id='word_1_135' title='bbox 1780 2162 1919 2255; x_wconf 86' lang='lat' dir='ltr'>pertinet,</span> <span class='ocrx_word' id='word_1_136' title='bbox 1958 2181 1962 2226; x_wconf 84' lang='lat' dir='ltr'>t</span> 
     </span>
     <span class='ocr_line' id='line_1_15' title="bbox 449 2235 1962 2361; baseline -0.004 -27"><span class='ocrx_word' id='word_1_137' title='bbox 449 2278 553 2361; x_wconf 84' lang='lat' dir='ltr'>quem</span> <span class='ocrx_word' id='word_1_138' title='bbox 577 2264 695 2330; x_wconf 80' lang='lat' dir='ltr'>Preces</span> <span class='ocrx_word' id='word_1_139' title='bbox 712 2253 866 2326; x_wconf 79' lang='lat' dir='ltr'>Caestreae</span> <span class='ocrx_word' id='word_1_140' title='bbox 887 2260 919 2325; x_wconf 89' lang='lat' dir='ltr'>in</span> <span class='ocrx_word' id='word_1_141' title='bbox 936 2251 969 2325; x_wconf 90' lang='lat' dir='ltr'>se</span> <span class='ocrx_word' id='word_1_142' title='bbox 993 2258 1183 2338; x_wconf 88' lang='lat' dir='ltr'>continent;</span> <span class='ocrx_word' id='word_1_143' title='bbox 1210 2254 1344 2351; x_wconf 87' lang='lat' dir='ltr'>eoquod</span> <span class='ocrx_word' id='word_1_144' title='bbox 1360 2252 1426 2324; x_wconf 81' lang='lat' dir='ltr'>isiae</span> <span class='ocrx_word' id='word_1_145' title='bbox 1451 2252 1646 2351; x_wconf 85' lang='lat' dir='ltr'>potestatem</span> <span class='ocrx_word' id='word_1_146' title='bbox 1668 2253 1796 2328; x_wconf 84' lang='lat' dir='ltr'>sacram</span> <span class='ocrx_word' id='word_1_147' title='bbox 1820 2259 1918 2330; x_wconf 81' lang='lat' dir='ltr'>Prelt·</span> <span class='ocrx_word' id='word_1_148' title='bbox 1958 2235 1962 2264; x_wconf 67' lang='grc'><em>“</em></span> 
     </span>
     <span class='ocr_line' id='line_1_16' title="bbox 451 2350 1962 2447; baseline -0.006 -13"><span class='ocrx_word' id='word_1_149' title='bbox 451 2383 566 2435; x_wconf 88' lang='lat' dir='ltr'>torum</span> <span class='ocrx_word' id='word_1_150' title='bbox 582 2358 624 2427; x_wconf 90' lang='lat' dir='ltr'>de</span> <span class='ocrx_word' id='word_1_151' title='bbox 639 2350 875 2426; x_wconf 82' lang='lat' dir='ltr'>constituendis</span> <span class='ocrx_word' id='word_1_152' title='bbox 891 2351 1039 2423; x_wconf 78' lang='lat' dir='ltr'>Ecclestae</span> <span class='ocrx_word' id='word_1_153' title='bbox 1057 2352 1242 2434; x_wconf 81' lang='lat' dir='ltr'>Minisiris,</span> <span class='ocrx_word' id='word_1_154' title='bbox 1265 2353 1298 2422; x_wconf 90' lang='lat' dir='ltr'>id</span> <span class='ocrx_word' id='word_1_155' title='bbox 1317 2354 1407 2447; x_wconf 89' lang='lat' dir='ltr'>qood</span> <span class='ocrx_word' id='word_1_156' title='bbox 1428 2353 1529 2424; x_wconf 85' lang='lat' dir='ltr'>hodie</span> <span class='ocrx_word' id='word_1_157' title='bbox 1547 2376 1610 2447; x_wconf 87' lang='lat' dir='ltr'>pet</span> <span class='ocrx_word' id='word_1_158' title='bbox 1634 2353 1860 2428; x_wconf 86' lang='lat' dir='ltr'>Collttiooem</span> <span class='ocrx_word' id='word_1_159' title='bbox 1875 2359 1918 2426; x_wconf 85' lang='lat' dir='ltr'>Be·</span> <span class='ocrx_word' id='word_1_160' title='bbox 1958 2379 1962 2440; x_wconf 75' lang='grc' dir='ltr'>ζ</span> 
     </span>
     <span class='ocr_line' id='line_1_17' title="bbox 453 2447 1918 2544; baseline -0.003 -17"><span class='ocrx_word' id='word_1_161' title='bbox 453 2455 652 2532; x_wconf 74' lang='lat' dir='ltr'>reficiorum</span> <span class='ocrx_word' id='word_1_162' title='bbox 669 2447 742 2520; x_wconf 84' lang='lat' dir='ltr'>fieri</span> <span class='ocrx_word' id='word_1_163' title='bbox 759 2447 900 2528; x_wconf 82' lang='lat' dir='ltr'>adsolet,</span> <span class='ocrx_word' id='word_1_164' title='bbox 922 2451 1108 2521; x_wconf 83' lang='lat' dir='ltr'>nuliatenus</span> <span class='ocrx_word' id='word_1_165' title='bbox 1129 2450 1317 2540; x_wconf 76' lang='lat' dir='ltr'>adtingam,</span> <span class='ocrx_word' id='word_1_166' title='bbox 1343 2447 1398 2521; x_wconf 83' lang='lat' dir='ltr'>sed</span> <span class='ocrx_word' id='word_1_167' title='bbox 1413 2449 1539 2519; x_wconf 89' lang='lat' dir='ltr'>nudum</span> <span class='ocrx_word' id='word_1_168' title='bbox 1555 2449 1628 2544; x_wconf 79' lang='lat' dir='ltr'>ejus</span> <span class='ocrx_word' id='word_1_169' title='bbox 1641 2452 1837 2524; x_wconf 82' lang='lat' dir='ltr'>exercitium</span> <span class='ocrx_word' id='word_1_170' title='bbox 1849 2453 1918 2523; x_wconf 88' lang='lat' dir='ltr'>sini·</span> 
     </span>
     <span class='ocr_line' id='line_1_18' title="bbox 451 2544 1961 2647; baseline -0.007 -18"><span class='ocrx_word' id='word_1_171' title='bbox 451 2576 524 2629; x_wconf 90' lang='lat' dir='ltr'>tent</span> <span class='ocrx_word' id='word_1_172' title='bbox 544 2575 605 2647; x_wconf 91' lang='lat' dir='ltr'>per</span> <span class='ocrx_word' id='word_1_173' title='bbox 624 2548 885 2618; x_wconf 85' lang='lat' dir='ltr'>nominationem</span> <span class='ocrx_word' id='word_1_174' title='bbox 904 2544 1049 2637; x_wconf 77' lang='lat' dir='ltr'>persona</span> <span class='ocrx_word' id='word_1_175' title='bbox 1066 2544 1221 2617; x_wconf 81' lang='lat' dir='ltr'>Precibus</span> <span class='ocrx_word' id='word_1_176' title='bbox 1242 2545 1398 2618; x_wconf 70' lang='lat' dir='ltr'>Cesareis</span> <span class='ocrx_word' id='word_1_177' title='bbox 1415 2549 1573 2627; x_wconf 85' lang='lat' dir='ltr'>munittr,</span> <span class='ocrx_word' id='word_1_178' title='bbox 1595 2571 1642 2630; x_wconf 87' lang='lat' dir='ltr'>ut,</span> <span class='ocrx_word' id='word_1_179' title='bbox 1662 2545 1721 2618; x_wconf 78' lang='lat' dir='ltr'>nib</span> <span class='ocrx_word' id='word_1_180' title='bbox 1739 2550 1819 2622; x_wconf 90' lang='lat' dir='ltr'>huic</span> <span class='ocrx_word' id='word_1_181' title='bbox 1832 2553 1916 2621; x_wconf 87' lang='lat' dir='ltr'>Beue·</span> <span class='ocrx_word' id='word_1_182' title='bbox 1956 2609 1961 2630; x_wconf 76' lang='grc'><strong>,</strong></span> 
     </span>
     <span class='ocr_line' id='line_1_19' title="bbox 451 2633 1962 2739; baseline -0.007 -13"><span class='ocrx_word' id='word_1_183' title='bbox 451 2650 568 2727; x_wconf 77' lang='lat' dir='ltr'>ficium</span> <span class='ocrx_word' id='word_1_184' title='bbox 591 2639 807 2725; x_wconf 86' lang='lat' dir='ltr'>conseratur,</span> <span class='ocrx_word' id='word_1_185' title='bbox 835 2639 952 2736; x_wconf 76' lang='lat' dir='ltr'>injuste</span> <span class='ocrx_word' id='word_1_186' title='bbox 974 2664 1101 2713; x_wconf 91' lang='lat' dir='ltr'>tantum</span> <span class='ocrx_word' id='word_1_187' title='bbox 1127 2643 1182 2712; x_wconf 84' lang='lat' dir='ltr'>isla</span> <span class='ocrx_word' id='word_1_188' title='bbox 1200 2667 1417 2725; x_wconf 76' lang='lat' dir='ltr'>exerceatur,</span> <span class='ocrx_word' id='word_1_189' title='bbox 1443 2645 1476 2716; x_wconf 88' lang='lat' dir='ltr'>dt</span> <span class='ocrx_word' id='word_1_190' title='bbox 1495 2646 1601 2739; x_wconf 82' lang='lat' dir='ltr'>poeuis</span> <span class='ocrx_word' id='word_1_191' title='bbox 1621 2645 1711 2738; x_wconf 77' lang='lat' dir='ltr'>adigi</span> <span class='ocrx_word' id='word_1_192' title='bbox 1730 2671 1819 2720; x_wconf 86' lang='lat' dir='ltr'>nunc</span> <span class='ocrx_word' id='word_1_193' title='bbox 1835 2645 1917 2722; x_wconf 90' lang='lat' dir='ltr'>Ordi·</span> <span class='ocrx_word' id='word_1_194' title='bbox 1956 2633 1962 2660; x_wconf 77' lang='grc'><strong>“</strong></span> 
     </span>
    </p>
   </div>
   <div class='ocr_carea' id='block_1_5' title="bbox 322 2736 1962 2953">
    <p class='ocr_par' dir='ltr' id='par_1_5' title="bbox 322 2736 1962 2953">
     <span class='ocr_line' id='line_1_20' title="bbox 452 2736 1962 2841; baseline 0.001 -22"><span class='ocrx_word' id='word_1_195' title='bbox 452 2749 567 2825; x_wconf 81' lang='lat' dir='ltr'>natiue</span> <span class='ocrx_word' id='word_1_196' title='bbox 584 2737 697 2841; x_wconf 83' lang='lat' dir='ltr'>poffit,</span> <span class='ocrx_word' id='word_1_197' title='bbox 718 2740 758 2811; x_wconf 89' lang='lat' dir='ltr'>td</span> <span class='ocrx_word' id='word_1_198' title='bbox 775 2739 859 2811; x_wconf 82' lang='lat' dir='ltr'>hanc</span> <span class='ocrx_word' id='word_1_199' title='bbox 876 2738 1012 2837; x_wconf 73' lang='lat' dir='ltr'>precise</span> <span class='ocrx_word' id='word_1_200' title='bbox 1028 2736 1207 2839; x_wconf 86' lang='lat' dir='ltr'>personatu</span> <span class='ocrx_word' id='word_1_201' title='bbox 1227 2739 1365 2817; x_wconf 77' lang='lat' dir='ltr'>serratis</span> <span class='ocrx_word' id='word_1_202' title='bbox 1384 2740 1555 2818; x_wconf 71' lang='lat' dir='ltr'>servandis</span> <span class='ocrx_word' id='word_1_203' title='bbox 1570 2739 1752 2818; x_wconf 85' lang='lat' dir='ltr'>necessario</span> <span class='ocrx_word' id='word_1_204' title='bbox 1762 2745 1918 2822; x_wconf 73' lang='lat' dir='ltr'>tdutittttr</span> <span class='ocrx_word' id='word_1_205' title='bbox 1956 2737 1962 2825; x_wconf 54' lang='grc' dir='ltr'><em>ἕ</em></span> 
     </span>
     <span class='ocr_line' id='line_1_21' title="bbox 322 2836 1962 2953; baseline -0.031 -28"><span class='ocrx_word' id='word_1_206' title='bbox 322 2858 330 2879; x_wconf 77' lang='grc'><em>’</em></span> <span class='ocrx_word' id='word_1_207' title='bbox 453 2844 584 2921; x_wconf 81' lang='lat' dir='ltr'>drmdt</span> <span class='ocrx_word' id='word_1_208' title='bbox 608 2836 856 2953; x_wconf 77' lang='lat' dir='ltr'>investiendum.</span> <span class='ocrx_word' id='word_1_209' title='bbox 1958 2860 1962 2887; x_wconf 74' lang='lat'><em>‚</em></span> 
     </span>
    </p>
   </div>
   <div class='ocr_carea' id='block_1_6' title="bbox 1111 2972 1263 3068">
    <p class='ocr_par' dir='ltr' id='par_1_6' title="bbox 1111 2972 1263 3068">
     <span class='ocr_line' id='line_1_22' title="bbox 1111 2972 1263 3068; baseline 0.026 -19"><span class='ocrx_word' id='word_1_210' title='bbox 1111 2979 1140 3068; x_wconf 63' lang='grc' dir='ltr'>ς.</span> <span class='ocrx_word' id='word_1_211' title='bbox 1182 2972 1263 3052; x_wconf 84' lang='grc' dir='ltr'>ΧΗ.</span> 
     </span>
    </p>
   </div>
   <div class='ocr_carea' id='block_1_7' title="bbox 451 3139 1938 4514">
    <p class='ocr_par' dir='ltr' id='par_1_7' title="bbox 451 3139 1937 4417">
     <span class='ocr_line' id='line_1_23' title="bbox 571 3139 1919 3239; baseline -0.004 -19"><span class='ocrx_word' id='word_1_212' title='bbox 571 3140 756 3220; x_wconf 82' lang='lat' dir='ltr'>Plenissime</span> <span class='ocrx_word' id='word_1_213' title='bbox 778 3139 911 3214; x_wconf 87' lang='lat' dir='ltr'>tandem</span> <span class='ocrx_word' id='word_1_214' title='bbox 938 3148 1011 3237; x_wconf 73' lang='lat' dir='ltr'>Gap.</span> <span class='ocrx_word' id='word_1_215' title='bbox 1032 3146 1117 3239; x_wconf 63' lang='lat' dir='ltr'>Quia</span> <span class='ocrx_word' id='word_1_216' title='bbox 1136 3150 1259 3224; x_wconf 71' lang='lat' dir='ltr'>tendis,</span> <span class='ocrx_word' id='word_1_217' title='bbox 1282 3171 1312 3217; x_wconf 89' lang='lat' dir='ltr'>t.</span> <span class='ocrx_word' id='word_1_218' title='bbox 1326 3148 1392 3228; x_wconf 78' lang='lat' dir='ltr'>eod,</span> <span class='ocrx_word' id='word_1_219' title='bbox 1411 3148 1475 3222; x_wconf 79' lang='lat' dir='ltr'>Ttt.</span> <span class='ocrx_word' id='word_1_220' title='bbox 1490 3150 1523 3217; x_wconf 88' lang='lat' dir='ltr'>in</span> <span class='ocrx_word' id='word_1_221' title='bbox 1539 3151 1593 3216; x_wconf 66' lang='lat'>62⁰</span> <span class='ocrx_word' id='word_1_222' title='bbox 1613 3144 1654 3217; x_wconf 88' lang='lat' dir='ltr'>de</span> <span class='ocrx_word' id='word_1_223' title='bbox 1671 3144 1919 3220; x_wconf 84' lang='lat' dir='ltr'>htccuutrotet·</span> 
     </span>
     <span class='ocr_line' id='line_1_24' title="bbox 452 3237 1920 3342; baseline -0.005 -22"><span class='ocrx_word' id='word_1_224' title='bbox 452 3244 498 3322; x_wconf 85' lang='lat' dir='ltr'>siu</span> <span class='ocrx_word' id='word_1_225' title='bbox 516 3271 582 3316; x_wconf 90' lang='lat' dir='ltr'>uon</span> <span class='ocrx_word' id='word_1_226' title='bbox 600 3243 702 3316; x_wconf 89' lang='lat' dir='ltr'>modo</span> <span class='ocrx_word' id='word_1_227' title='bbox 724 3240 853 3319; x_wconf 85' lang='lat' dir='ltr'>statuit,</span> <span class='ocrx_word' id='word_1_228' title='bbox 876 3237 1044 3311; x_wconf 88' lang='lat' dir='ltr'>sedetiam</span> <span class='ocrx_word' id='word_1_229' title='bbox 1067 3243 1261 3337; x_wconf 75' lang='lat' dir='ltr'>plerisque,</span> <span class='ocrx_word' id='word_1_230' title='bbox 1286 3268 1359 3336; x_wconf 81' lang='lat' dir='ltr'>quae</span> <span class='ocrx_word' id='word_1_231' title='bbox 1377 3270 1415 3315; x_wconf 86' lang='lat' dir='ltr'>ex</span> <span class='ocrx_word' id='word_1_232' title='bbox 1434 3241 1570 3317; x_wconf 81' lang='lat' dir='ltr'>adverso</span> <span class='ocrx_word' id='word_1_233' title='bbox 1591 3244 1768 3316; x_wconf 83' lang='lat' dir='ltr'>obmoteri</span> <span class='ocrx_word' id='word_1_234' title='bbox 1796 3241 1920 3342; x_wconf 86' lang='lat' dir='ltr'>possunt,</span> 
     </span>
     <span class='ocr_line' id='line_1_25' title="bbox 453 3332 1919 3440; baseline -0.004 -23"><span class='ocrx_word' id='word_1_235' title='bbox 453 3345 490 3417; x_wconf 84' lang='lat' dir='ltr'>dt</span> <span class='ocrx_word' id='word_1_236' title='bbox 506 3367 576 3416; x_wconf 90' lang='lat' dir='ltr'>tum</span> <span class='ocrx_word' id='word_1_237' title='bbox 597 3341 741 3414; x_wconf 83' lang='lat' dir='ltr'>obmotae</span> <span class='ocrx_word' id='word_1_238' title='bbox 757 3333 872 3432; x_wconf 84' lang='lat' dir='ltr'>reapse</span> <span class='ocrx_word' id='word_1_239' title='bbox 889 3332 1049 3420; x_wconf 90' lang='lat' dir='ltr'>fuerunt,</span> <span class='ocrx_word' id='word_1_240' title='bbox 1077 3337 1326 3412; x_wconf 80' lang='lat' dir='ltr'>difficultatibus</span> <span class='ocrx_word' id='word_1_241' title='bbox 1344 3339 1512 3420; x_wconf 75' lang='lat' dir='ltr'>satisfacit.</span> <span class='ocrx_word' id='word_1_242' title='bbox 1563 3342 1643 3436; x_wconf 81' lang='lat' dir='ltr'>Ejus</span> <span class='ocrx_word' id='word_1_243' title='bbox 1658 3345 1749 3413; x_wconf 90' lang='lat' dir='ltr'>enim</span> <span class='ocrx_word' id='word_1_244' title='bbox 1768 3341 1919 3440; x_wconf 83' lang='lat' dir='ltr'>dispostiu</span> 
     </span>
     <span class='ocr_line' id='line_1_26' title="bbox 453 3434 1921 3540; baseline -0.003 -27"><span class='ocrx_word' id='word_1_245' title='bbox 453 3442 566 3540; x_wconf 85' lang='lat' dir='ltr'>quoad</span> <span class='ocrx_word' id='word_1_246' title='bbox 587 3438 795 3512; x_wconf 82' lang='lat' dir='ltr'>substantiam</span> <span class='ocrx_word' id='word_1_247' title='bbox 815 3434 892 3504; x_wconf 89' lang='lat' dir='ltr'>scite</span> <span class='ocrx_word' id='word_1_248' title='bbox 910 3436 942 3505; x_wconf 81' lang='lat' dir='ltr'>dt</span> <span class='ocrx_word' id='word_1_249' title='bbox 962 3434 1132 3525; x_wconf 77' lang='lat' dir='ltr'>eleganter</span> <span class='ocrx_word' id='word_1_250' title='bbox 1147 3436 1312 3534; x_wconf 73' lang='lat' dir='ltr'>premisso</span> <span class='ocrx_word' id='word_1_251' title='bbox 1328 3443 1516 3510; x_wconf 79' lang='lat' dir='ltr'>summario</span> <span class='ocrx_word' id='word_1_252' title='bbox 1534 3442 1647 3535; x_wconf 84' lang='lat' dir='ltr'>paucis</span> <span class='ocrx_word' id='word_1_253' title='bbox 1660 3443 1712 3510; x_wconf 82' lang='lat' dir='ltr'>his</span> <span class='ocrx_word' id='word_1_254' title='bbox 1724 3440 1837 3513; x_wconf 72' lang='lat' dir='ltr'>verbis</span> <span class='ocrx_word' id='word_1_255' title='bbox 1851 3462 1921 3513; x_wconf 85' lang='lat' dir='ltr'>con·</span> 
     </span>
     <span class='ocr_line' id='line_1_27' title="bbox 451 3532 1922 3639; baseline -0.002 -28"><span class='ocrx_word' id='word_1_256' title='bbox 451 3541 685 3639; x_wconf 88' lang='lat' dir='ltr'>prehenditur.</span> <span class='ocrx_word' id='word_1_257' title='bbox 736 3537 791 3615; x_wconf 77' lang='lat' dir='ltr'>„Si</span> <span class='ocrx_word' id='word_1_258' title='bbox 805 3532 980 3603; x_wconf 88' lang='lat' dir='ltr'>mundatur</span> <span class='ocrx_word' id='word_1_259' title='bbox 997 3534 1094 3604; x_wconf 86' lang='lat' dir='ltr'>alicui</span> <span class='ocrx_word' id='word_1_260' title='bbox 1107 3536 1278 3628; x_wconf 83' lang='lat' dir='ltr'>provideri</span> <span class='ocrx_word' id='word_1_261' title='bbox 1296 3537 1337 3607; x_wconf 86' lang='lat' dir='ltr'>de</span> <span class='ocrx_word' id='word_1_262' title='bbox 1354 3537 1514 3628; x_wconf 75' lang='lat' dir='ltr'>dignitate</span> <span class='ocrx_word' id='word_1_263' title='bbox 1532 3562 1704 3619; x_wconf 81' lang='lat' dir='ltr'>vacatura,</span> <span class='ocrx_word' id='word_1_264' title='bbox 1724 3564 1830 3634; x_wconf 84' lang='lat' dir='ltr'>quum</span> <span class='ocrx_word' id='word_1_265' title='bbox 1842 3540 1922 3611; x_wconf 84' lang='lat' dir='ltr'>dutr-</span> 
     </span>
     <span class='ocr_line' id='line_1_28' title="bbox 453 3629 1924 3730; baseline 0 -22"><span class='ocrx_word' id='word_1_266' title='bbox 453 3642 524 3724; x_wconf 88' lang='lat' dir='ltr'>„rit</span> <span class='ocrx_word' id='word_1_267' title='bbox 548 3632 799 3730; x_wconf 84' lang='lat' dir='ltr'>acceptandam,</span> <span class='ocrx_word' id='word_1_268' title='bbox 819 3629 851 3702; x_wconf 82' lang='lat' dir='ltr'>dt</span> <span class='ocrx_word' id='word_1_269' title='bbox 866 3653 957 3702; x_wconf 81' lang='lat' dir='ltr'>vacat</span> <span class='ocrx_word' id='word_1_270' title='bbox 974 3630 1141 3722; x_wconf 80' lang='lat' dir='ltr'>dignitus,</span> <span class='ocrx_word' id='word_1_271' title='bbox 1152 3657 1252 3727; x_wconf 84' lang='lat' dir='ltr'>quum</span> <span class='ocrx_word' id='word_1_272' title='bbox 1268 3657 1343 3704; x_wconf 82' lang='lat' dir='ltr'>rnre</span> <span class='ocrx_word' id='word_1_273' title='bbox 1367 3639 1626 3728; x_wconf 85' lang='lat' dir='ltr'>acceptationem</span> <span class='ocrx_word' id='word_1_274' title='bbox 1642 3638 1849 3710; x_wconf 88' lang='lat' dir='ltr'>Ordiuarius</span> <span class='ocrx_word' id='word_1_275' title='bbox 1863 3658 1924 3709; x_wconf 84' lang='lat' dir='ltr'>con·</span> 
     </span>
     <span class='ocr_line' id='line_1_29' title="bbox 453 3726 1925 3833; baseline -0.001 -29"><span class='ocrx_word' id='word_1_276' title='bbox 453 3731 565 3819; x_wconf 88' lang='lat' dir='ltr'>‚,fert,</span> <span class='ocrx_word' id='word_1_277' title='bbox 594 3754 682 3802; x_wconf 89' lang='lat' dir='ltr'>tenet</span> <span class='ocrx_word' id='word_1_278' title='bbox 708 3726 807 3824; x_wconf 78' lang='lat' dir='ltr'>ipstut</span> <span class='ocrx_word' id='word_1_279' title='bbox 827 3727 1003 3811; x_wconf 71' lang='lat' dir='ltr'>collatio„</span> <span class='ocrx_word' id='word_1_280' title='bbox 1056 3735 1211 3799; x_wconf 77' lang='lat' dir='ltr'>Primatie</span> <span class='ocrx_word' id='word_1_281' title='bbox 1231 3731 1330 3824; x_wconf 83' lang='lat' dir='ltr'>hujus</span> <span class='ocrx_word' id='word_1_282' title='bbox 1357 3729 1528 3803; x_wconf 81' lang='lat' dir='ltr'>decifionia</span> <span class='ocrx_word' id='word_1_283' title='bbox 1548 3731 1632 3803; x_wconf 89' lang='lat' dir='ltr'>ratio</span> <span class='ocrx_word' id='word_1_284' title='bbox 1652 3731 1727 3804; x_wconf 78' lang='lat' dir='ltr'>satae</span> <span class='ocrx_word' id='word_1_285' title='bbox 1751 3736 1819 3807; x_wconf 88' lang='lat' dir='ltr'>huc</span> <span class='ocrx_word' id='word_1_286' title='bbox 1839 3734 1925 3833; x_wconf 85' lang='lat' dir='ltr'>pcrti-</span> 
     </span>
     <span class='ocr_line' id='line_1_30' title="bbox 451 3827 1927 3925; baseline -0.003 -21"><span class='ocrx_word' id='word_1_287' title='bbox 451 3853 528 3912; x_wconf 88' lang='lat' dir='ltr'>rtet,</span> <span class='ocrx_word' id='word_1_288' title='bbox 547 3829 627 3900; x_wconf 87' lang='lat' dir='ltr'>dtin</span> <span class='ocrx_word' id='word_1_289' title='bbox 650 3829 768 3915; x_wconf 72' lang='lat' dir='ltr'>defessa</span> <span class='ocrx_word' id='word_1_290' title='bbox 790 3827 998 3913; x_wconf 83' lang='lat' dir='ltr'>infitttnttimis¹</span> <span class='ocrx_word' id='word_1_291' title='bbox 1021 3829 1178 3920; x_wconf 85' lang='lat' dir='ltr'>punitur,</span> <span class='ocrx_word' id='word_1_292' title='bbox 1207 3831 1298 3923; x_wconf 90' lang='lat' dir='ltr'>quod</span> <span class='ocrx_word' id='word_1_293' title='bbox 1317 3829 1471 3901; x_wconf 82' lang='lat' dir='ltr'>videlicet</span> <span class='ocrx_word' id='word_1_294' title='bbox 1492 3830 1549 3899; x_wconf 92' lang='lat' dir='ltr'>illa</span> <span class='ocrx_word' id='word_1_295' title='bbox 1576 3830 1626 3900; x_wconf 85' lang='lat' dir='ltr'>ves</span> <span class='ocrx_word' id='word_1_296' title='bbox 1647 3830 1747 3925; x_wconf 83' lang='lat' dir='ltr'>piane</span> <span class='ocrx_word' id='word_1_297' title='bbox 1768 3859 1839 3905; x_wconf 87' lang='lat' dir='ltr'>nou</span> <span class='ocrx_word' id='word_1_298' title='bbox 1854 3829 1927 3903; x_wconf 75' lang='lat' dir='ltr'>sisic</span> 
     </span>
     <span class='ocr_line' id='line_1_31' title="bbox 451 3921 1928 4023; baseline 0 -24"><span class='ocrx_word' id='word_1_299' title='bbox 451 3925 578 4011; x_wconf 83' lang='lat' dir='ltr'>fuerit,</span> <span class='ocrx_word' id='word_1_300' title='bbox 596 3925 648 3998; x_wconf 85' lang='lat' dir='ltr'>ves</span> <span class='ocrx_word' id='word_1_301' title='bbox 664 3949 729 3995; x_wconf 92' lang='lat' dir='ltr'>non</span> <span class='ocrx_word' id='word_1_302' title='bbox 751 3925 815 3993; x_wconf 88' lang='lat' dir='ltr'>rite</span> <span class='ocrx_word' id='word_1_303' title='bbox 835 3921 904 4001; x_wconf 84' lang='lat' dir='ltr'>ilii,</span> <span class='ocrx_word' id='word_1_304' title='bbox 927 3924 981 3993; x_wconf 88' lang='lat' dir='ltr'>cui</span> <span class='ocrx_word' id='word_1_305' title='bbox 999 3922 1191 4004; x_wconf 76' lang='lat' dir='ltr'>debebatur.</span> <span class='ocrx_word' id='word_1_306' title='bbox 1244 3924 1343 3995; x_wconf 73' lang='lat' dir='ltr'>Fadia</span> <span class='ocrx_word' id='word_1_307' title='bbox 1365 3929 1454 3996; x_wconf 91' lang='lat' dir='ltr'>enim</span> <span class='ocrx_word' id='word_1_308' title='bbox 1477 3924 1586 3997; x_wconf 86' lang='lat' dir='ltr'>suerat</span> <span class='ocrx_word' id='word_1_309' title='bbox 1607 3930 1766 4023; x_wconf 86' lang='lat' dir='ltr'>Capitulo</span> <span class='ocrx_word' id='word_1_310' title='bbox 1789 3926 1928 4003; x_wconf 69' lang='lat' dir='ltr'>Ecclesia</span> 
     </span>
     <span class='ocr_line' id='line_1_32' title="bbox 453 4014 1932 4123; baseline 0.001 -24"><span class='ocrx_word' id='word_1_311' title='bbox 453 4020 661 4099; x_wconf 81' lang='lat' dir='ltr'>Carnutensit</span> <span class='ocrx_word' id='word_1_312' title='bbox 678 4045 812 4093; x_wconf 91' lang='lat' dir='ltr'>mortuo</span> <span class='ocrx_word' id='word_1_313' title='bbox 829 4014 1016 4114; x_wconf 88' lang='lat' dir='ltr'>Episcopo,</span> <span class='ocrx_word' id='word_1_314' title='bbox 1038 4022 1078 4091; x_wconf 85' lang='lat' dir='ltr'>ad</span> <span class='ocrx_word' id='word_1_315' title='bbox 1099 4047 1199 4116; x_wconf 87' lang='lat' dir='ltr'>quem</span> <span class='ocrx_word' id='word_1_316' title='bbox 1215 4024 1349 4095; x_wconf 79' lang='lat' dir='ltr'>collatio</span> <span class='ocrx_word' id='word_1_317' title='bbox 1363 4026 1545 4113; x_wconf 80' lang='lat' dir='ltr'>Dignitaria</span> <span class='ocrx_word' id='word_1_318' title='bbox 1562 4026 1614 4096; x_wconf 85' lang='lat' dir='ltr'>vel</span> <span class='ocrx_word' id='word_1_319' title='bbox 1629 4025 1860 4115; x_wconf 71' lang='lat' dir='ltr'>Propositurae</span> <span class='ocrx_word' id='word_1_320' title='bbox 1871 4025 1932 4123; x_wconf 80' lang='lat' dir='ltr'>spc-</span> 
     </span>
     <span class='ocr_line' id='line_1_33' title="bbox 453 4117 1932 4216; baseline -0.001 -20"><span class='ocrx_word' id='word_1_321' title='bbox 453 4122 575 4197; x_wconf 74' lang='lat' dir='ltr'>flabat.</span> <span class='ocrx_word' id='word_1_322' title='bbox 635 4124 678 4192; x_wconf 88' lang='lat' dir='ltr'>Et</span> <span class='ocrx_word' id='word_1_323' title='bbox 699 4120 849 4216; x_wconf 83' lang='lat' dir='ltr'>quamtis</span> <span class='ocrx_word' id='word_1_324' title='bbox 871 4117 1055 4212; x_wconf 81' lang='lat' dir='ltr'>Episcopus</span> <span class='ocrx_word' id='word_1_325' title='bbox 1080 4119 1291 4215; x_wconf 80' lang='lat' dir='ltr'>postmodum</span> <span class='ocrx_word' id='word_1_326' title='bbox 1319 4118 1442 4192; x_wconf 71' lang='lat' dir='ltr'>elesius</span> <span class='ocrx_word' id='word_1_327' title='bbox 1465 4143 1620 4215; x_wconf 85' lang='lat' dir='ltr'>tanquam</span> <span class='ocrx_word' id='word_1_328' title='bbox 1653 4128 1845 4196; x_wconf 86' lang='lat' dir='ltr'>Canonicur</span> <span class='ocrx_word' id='word_1_329' title='bbox 1868 4146 1932 4198; x_wconf 88' lang='lat' dir='ltr'>tutu</span> 
     </span>
     <span class='ocr_line' id='line_1_34' title="bbox 454 4212 1936 4318; baseline 0 -25"><span class='ocrx_word' id='word_1_330' title='bbox 454 4220 597 4318; x_wconf 70' lang='lat' dir='ltr'>presens</span> <span class='ocrx_word' id='word_1_331' title='bbox 615 4216 717 4291; x_wconf 86' lang='lat' dir='ltr'>fucrit</span> <span class='ocrx_word' id='word_1_332' title='bbox 737 4212 915 4310; x_wconf 84' lang='lat' dir='ltr'>Capituso,</span> <span class='ocrx_word' id='word_1_333' title='bbox 932 4216 1002 4286; x_wconf 79' lang='lat' dir='ltr'>haec</span> <span class='ocrx_word' id='word_1_334' title='bbox 1020 4240 1128 4289; x_wconf 82' lang='lat' dir='ltr'>tamen</span> <span class='ocrx_word' id='word_1_335' title='bbox 1149 4242 1305 4311; x_wconf 84' lang='lat' dir='ltr'>tanquam</span> <span class='ocrx_word' id='word_1_336' title='bbox 1321 4215 1518 4289; x_wconf 85' lang='lat' dir='ltr'>insufficiens</span> <span class='ocrx_word' id='word_1_337' title='bbox 1536 4220 1722 4291; x_wconf 84' lang='lat' dir='ltr'>declaratur</span> <span class='ocrx_word' id='word_1_338' title='bbox 1741 4225 1781 4293; x_wconf 88' lang='lat' dir='ltr'>ad</span> <span class='ocrx_word' id='word_1_339' title='bbox 1800 4222 1936 4318; x_wconf 82' lang='lat' dir='ltr'>potesta·</span> 
     </span>
     <span class='ocr_line' id='line_1_35' title="bbox 454 4309 1937 4417; baseline 0.002 -24"><span class='ocrx_word' id='word_1_340' title='bbox 454 4340 523 4394; x_wconf 90' lang='lat' dir='ltr'>tetu</span> <span class='ocrx_word' id='word_1_341' title='bbox 539 4316 659 4417; x_wconf 83' lang='lat' dir='ltr'>ipfius,</span> <span class='ocrx_word' id='word_1_342' title='bbox 679 4339 745 4415; x_wconf 87' lang='lat' dir='ltr'>qua</span> <span class='ocrx_word' id='word_1_343' title='bbox 760 4309 968 4412; x_wconf 78' lang='lat' dir='ltr'>Episcopi&amp;</span> <span class='ocrx_word' id='word_1_344' title='bbox 989 4314 1161 4386; x_wconf 89' lang='lat' dir='ltr'>Ordiuarii</span> <span class='ocrx_word' id='word_1_345' title='bbox 1183 4317 1361 4387; x_wconf 85' lang='lat' dir='ltr'>Collatotis</span> <span class='ocrx_word' id='word_1_346' title='bbox 1382 4314 1608 4410; x_wconf 80' lang='lat' dir='ltr'>Praepufitutae</span> <span class='ocrx_word' id='word_1_347' title='bbox 1627 4316 1858 4392; x_wconf 84' lang='lat' dir='ltr'>auffereudam</span> <span class='ocrx_word' id='word_1_348' title='bbox 1883 4344 1937 4396; x_wconf 92' lang='lat' dir='ltr'>aut</span> 
     </span>
    </p>

    <p class='ocr_par' dir='ltr' id='par_1_8' title="bbox 1834 4419 1938 4514">
     <span class='ocr_line' id='line_1_36' title="bbox 1834 4419 1938 4514; baseline 0.01 -25"><span class='ocrx_word' id='word_1_349' title='bbox 1834 4419 1938 4514; x_wconf 73' lang='lat' dir='ltr'>ligm-</span> 
     </span>
    </p>
   </div>
   <div class='ocr_carea' id='block_1_8' title="bbox 491 4576 1942 4742">
    <p class='ocr_par' dir='ltr' id='par_1_9' title="bbox 491 4576 1942 4742">
     <span class='ocr_line' id='line_1_37' title="bbox 491 4576 1942 4675; baseline 0.008 -30"><span class='ocrx_word' id='word_1_350' title='bbox 491 4579 527 4660; x_wconf 81' lang='lat' dir='ltr'>d)</span> <span class='ocrx_word' id='word_1_351' title='bbox 548 4577 601 4675; x_wconf 79' lang='lat' dir='ltr'>Ita¹</span> <span class='ocrx_word' id='word_1_352' title='bbox 615 4588 851 4661; x_wconf 74' lang='lat' dir='ltr'>argumentatur</span> <span class='ocrx_word' id='word_1_353' title='bbox 866 4579 953 4672; x_wconf 83' lang='lat' dir='ltr'>supra</span> <span class='ocrx_word' id='word_1_354' title='bbox 972 4576 1117 4643; x_wconf 75' lang='lat' dir='ltr'>laudatus</span> <span class='ocrx_word' id='word_1_355' title='bbox 1136 4576 1303 4645; x_wconf 80' lang='lat' dir='ltr'>Cttoutatt</span> <span class='ocrx_word' id='word_1_356' title='bbox 1318 4582 1383 4648; x_wconf 89' lang='lat' dir='ltr'>loc.</span> <span class='ocrx_word' id='word_1_357' title='bbox 1401 4584 1455 4648; x_wconf 87' lang='lat' dir='ltr'>cit.</span> <span class='ocrx_word' id='word_1_358' title='bbox 1474 4584 1512 4647; x_wconf 85' lang='lat' dir='ltr'>td</span> <span class='ocrx_word' id='word_1_359' title='bbox 1526 4585 1645 4649; x_wconf 79' lang='lat' dir='ltr'>verber</span> <span class='ocrx_word' id='word_1_360' title='bbox 1674 4586 1749 4654; x_wconf 76' lang='lat' dir='ltr'>sient</span> <span class='ocrx_word' id='word_1_361' title='bbox 1761 4588 1796 4651; x_wconf 84' lang='lat' dir='ltr'>t‘n</span> <span class='ocrx_word' id='word_1_362' title='bbox 1811 4590 1942 4673; x_wconf 83' lang='lat' dir='ltr'>qttt&#39;bttr·</span> 
     </span>
     <span class='ocr_line' id='line_1_38' title="bbox 568 4663 1942 4742; baseline 0.013 -20"><span class='ocrx_word' id='word_1_363' title='bbox 568 4668 718 4727; x_wconf 83' lang='lat' dir='ltr'>uttetium</span> <span class='ocrx_word' id='word_1_364' title='bbox 737 4663 936 4738; x_wconf 83' lang='lat' dir='ltr'>Ordinortis,</span> <span class='ocrx_word' id='word_1_365' title='bbox 958 4663 1118 4742; x_wconf 88' lang='lat' dir='ltr'>iuquiens,</span> <span class='ocrx_word' id='word_1_366' title='bbox 1134 4665 1165 4727; x_wconf 92' lang='lat' dir='ltr'>iu</span> <span class='ocrx_word' id='word_1_367' title='bbox 1187 4665 1332 4727; x_wconf 71' lang='lat' dir='ltr'>Precibus</span> <span class='ocrx_word' id='word_1_368' title='bbox 1350 4686 1415 4728; x_wconf 92' lang='lat' dir='ltr'>uon</span> <span class='ocrx_word' id='word_1_369' title='bbox 1435 4666 1502 4729; x_wconf 85' lang='lat' dir='ltr'>steti</span> <span class='ocrx_word' id='word_1_370' title='bbox 1523 4666 1736 4735; x_wconf 76' lang='lat' dir='ltr'>collationem</span> <span class='ocrx_word' id='word_1_371' title='bbox 1758 4670 1942 4739; x_wconf 84' lang='lat' dir='ltr'>Canonict·</span> 
     </span>
    </p>
   </div>
   <div class='ocr_carea' id='block_1_9' title="bbox 568 4743 1923 4841">
    <p class='ocr_par' dir='ltr' id='par_1_10' title="bbox 568 4743 1923 4841">
     <span class='ocr_line' id='line_1_39' title="bbox 568 4743 1923 4841; baseline 0.013 -32"><span class='ocrx_word' id='word_1_372' title='bbox 568 4751 644 4822; x_wconf 77' lang='lat' dir='ltr'>tut3</span> <span class='ocrx_word' id='word_1_373' title='bbox 665 4743 715 4809; x_wconf 87' lang='lat' dir='ltr'>sed</span> <span class='ocrx_word' id='word_1_374' title='bbox 737 4754 861 4810; x_wconf 80' lang='lat' dir='ltr'>teututu</span> <span class='ocrx_word' id='word_1_375' title='bbox 879 4746 912 4810; x_wconf 92' lang='lat' dir='ltr'>iu</span> <span class='ocrx_word' id='word_1_376' title='bbox 935 4746 1079 4813; x_wconf 84' lang='lat' dir='ltr'>suturutu</span> <span class='ocrx_word' id='word_1_377' title='bbox 1098 4749 1246 4814; x_wconf 79' lang='lat' dir='ltr'>mandari</span> <span class='ocrx_word' id='word_1_378' title='bbox 1263 4748 1344 4812; x_wconf 81' lang='lat' dir='ltr'>nttslo</span> <span class='ocrx_word' id='word_1_379' title='bbox 1354 4749 1428 4833; x_wconf 83' lang='lat' dir='ltr'>jttre</span> <span class='ocrx_word' id='word_1_380' title='bbox 1441 4748 1632 4834; x_wconf 71' lang='lat' dir='ltr'>represents·</span> <span class='ocrx_word' id='word_1_381' title='bbox 1647 4751 1787 4841; x_wconf 73' lang='lat' dir='ltr'>Pttctsttr</span> <span class='ocrx_word' id='word_1_382' title='bbox 1799 4757 1923 4826; x_wconf 69' lang='lat' dir='ltr'>rosato.</span> 
     </span>
    </p>
   </div>
   <div class='ocr_carea' id='block_1_10' title="bbox 0 0 2402 5550">
    <p class='ocr_par' dir='ltr' id='par_1_11' title="bbox 0 0 2402 5550">
     <span class='ocr_line' id='line_1_40' title="bbox 0 0 2402 5550; baseline 0 0"><span class='ocrx_word' id='word_1_383' title='bbox 0 0 2402 5550; x_wconf 95' lang='lat' dir='ltr'> </span> 
     </span>
    </p>
   </div>
  </div>
 </body>
</html>
