4784 5550
480 629 549 712 ax
572 629 718 712 eoru
746 628 884 710 tout.
908 577 1231 728 nuounttn,
1259 629 1329 709 ur
1350 625 1633 728 coturnus,
1655 629 1722 714 ae.
1745 669 1748 674 -
1774 653 1844 732 κῃ
1996 743 1999 750 ,

985 820 1022 906 ς.
1070 816 1228 895 xxvi.
1823 849 1848 890 x

479 957 576 1027 Inter
590 949 653 1027 alia
674 949 903 1028 lnilruilionis
920 949 977 1025 sub
993 959 1056 1049 4²⁰
1076 952 1157 1025 ldua
1172 949 1253 1025 Iulii
1271 953 1375 1044 1646.
1393 947 1774 1042 ctel'ereleeaanemiffne
1791 977 1846 1030 eo·
1903 1015 1906 1020 .
2044 975 2050 986 ’

430 1089 452 1136 ;,
477 1053 563 1149 quid
586 1079 706 1152 nempe
728 1050 986 1125 Protcslantibus
1006 1049 1276 1134 concedendum,
1307 1051 1433 1148 quidue
1450 1051 1640 1147 negandum
1660 1053 1718 1145 stt,
1742 1057 1844 1128 etiam
1982 1141 1986 1152 Ι

430 1151 555 1223 ruitur:
582 1161 688 1224 “Nan
711 1153 766 1242 effe
784 1154 998 1222 concedendam
1020 1153 1159 1222 credendi
1179 1151 1352 1220 libertatem
1362 1149 1500 1242 subditis
1528 1155 1751 1224 catholicorum
1772 1159 1844 1226 Ste-

430 1273 490 1332 tm,
547 1251 703 1344 raecipue
719 1248 930 1322 hereditariis
949 1245 1106 1320 Caesaris.
1122 1297 1146 1330 „
1193 1249 1245 1318 Ite
1258 1270 1292 1319 et
1309 1271 1413 1344 quum
1426 1249 1467 1319 ad
1489 1274 1548 1338 ea,
1575 1275 1660 1346 quae
1680 1275 1769 1322 nono
1782 1255 1844 1322 lla·

430 1345 475 1418 las
497 1273 587 1438 pbrls
608 1356 709 1434 1646.
728 1346 971 1444 proposuerant
988 1341 1230 1430 Protellantes,
1253 1343 1422 1442 responso
1441 1342 1698 1432 desideraretur,
1724 1350 1758 1418 in
1773 1351 1844 1420 eiua

431 1469 467 1516 m
487 1443 703 1518 declarabant
720 1445 907 1518 Catholici:
934 1455 955 1487 “
966 1444 1066 1536 Quod
1082 1445 1234 1515 omnium
1251 1445 1429 1515 minimum
1445 1447 1479 1515 in
1502 1442 1683 1518 Reseruato
1698 1443 1844 1516 ecclesiei

430 1565 485 1625 m,
515 1537 697 1615 defiderata
718 1547 924 1624 Autonoeius,
949 1539 1122 1613 cassatione
1142 1565 1259 1612 rerum
1283 1539 1523 1628 iudicatarum,
1550 1545 1613 1615 dte.
1639 1543 1844 1638 ultraquam

430 1735 525 1812 tffint.
538 1785 561 1822 „

543 1868 606 1934 Cir.
628 1867 727 1934 Reltt.
744 1867 863 1938 Histoe.
878 1870 913 1937 C.
925 1889 1005 1935 xiv.
1017 1870 1051 1955 ς.
1064 1889 1118 1934 rx.
1135 1887 1207 1952 pag.
1222 1879 1295 1946 282.

968 2055 998 2144 §.
1048 2047 1231 2124 xxvll.

480 2187 600 2277 Quum
627 2183 792 2258 Catholici
811 2182 852 2257 de
874 2185 978 2258 nimia
996 2181 1279 2259 Caesareanorum
1299 2202 1334 2255 et
1349 2185 1535 2281 praecipue
1558 2181 1846 2257 connumeres

430 2281 639 2354 tnsdorffiani
660 2288 771 2379 petitis
791 2281 1045 2356 Proteslantium
1060 2282 1226 2355 annuendi
1245 2278 1403 2354 futilitate
1424 2285 1600 2354 maximam
1615 2305 1746 2378 partem
1760 2285 1846 2354 citra

430 2377 560 2454 sensum
582 2380 812 2456 uniuersorum
834 2382 1085 2454 catholicorum
1110 2371 1337 2478 quererentur‘
1356 2392 1503 2477 “utpote
1524 2381 1559 2453 in
1578 2403 1724 2477 quorum
1742 2375 1847 2451 facul·
1950 2407 1961 2426 *

430 2504 454 2550 ‘e
477 2504 547 2550 non
571 2477 607 2551 sit
630 2483 776 2572 integros
798 2475 1034 2576 Episcopatus,
1060 2481 1289 2576 Principatus,
1314 2476 1481 2561 dominia,
1504 2476 1682 2562 coenobia,
1705 2499 1740 2552 et
1759 2476 1847 2550 bone

430 2574 602 2648 elestallica
617 2581 650 2647 in
668 2578 860 2650 Catholicae
877 2580 1061 2670 Religionis
1083 2574 1192 2649 hostes
1212 2571 1411 2660 transferre,
1434 2583 1515 2649 circa
1535 2581 1719 2670 Religionem
1740 2573 1845 2659 stridi-
1985 2609 1988 2614 ·

430 2699 491 2744 tim
517 2674 688 2768 disponere,
717 2675 847 2771 aliaque
869 2671 1010 2746 tradate
1032 2696 1065 2745 ct
1081 2673 1300 2754 concludere,
1332 2693 1477 2841 puerum
1500 2677 1614 2748 ineos
1637 2671 1781 2773 potestat
1802 2669 1845 2743 ab

432 2769 551 2845 iucrfia
569 2774 726 2845 translata
743 2799 808 2845 non
824 2769 861 2843 fit
876 2775 903 2844 ⁶.
917 2823 938 2857 „
991 2770 1186 2845 Caesareani
1204 2770 1235 2842 se
1257 2796 1335 2842 excn
1352 2796 1443 2844 anter
1460 2774 1470 2793 ‘
1530 2773 1624 2845 ralia
1639 2779 1845 2845 Autonomiec

430 2872 574 2941 trionem
590 2866 771 2952 faciebant,
798 2881 927 2966 “quam
944 2897 962 2945 a
979 2868 1010 2941 se
1031 2896 1096 2941 non
1114 2868 1179 2943 else
1201 2866 1412 2963 promissam,
1436 2872 1487 2941 cic
1512 2893 1584 2951 ant,
1614 2867 1673 2940 nisi
1690 2869 1746 2940 ubi
1769 2893 1844 2941 eam

430 2968 515 3039 bditi
542 2972 607 3039 iam
628 2994 722 3039 antea
754 2968 959 3040 obtinuerint
979 2991 1041 3063 per
1063 2964 1159 3063 paila
1176 2988 1232 3037 aut
1253 2969 1498 3037 conniuentiam
1521 2964 1733 3060 superiorum
1749 2972 1805 3040 **.
1820 3015 1844 3050 „

430 1643 530 1712 :crint
555 1639 811 1715 declarationem
838 1633 1099 1718 condescendere
1123 1639 1246 1723 velint,
1270 1661 1327 1712 rut
1355 1638 1400 1714 ob
1431 1637 1650 1718 conscientiae
1674 1637 1843 1716 distamen
1948 1675 1952 1682 ·
2042 1619 2049 1630 ⁸

430 3070 486 3137 tin
500 3064 612 3161 specie
627 3092 741 3149 notes,
769 3069 803 3136 in
822 3069 961 3137 Bautcit
978 3064 1124 3137 subditos
1141 3088 1202 3135 nec
1215 3087 1277 3159 per
1290 3058 1753 3137 conniuentiam-Serenillimi
1769 3064 1843 3135 Ele·
1962 3152 1969 3165 „

430 3166 469 3235 ir
484 3162 674 3236 libertatem
690 3163 847 3235 credendi
862 3186 931 3236 tum
947 3164 1109 3258 temporie
1124 3158 1317 3244 obtinuisse,
1338 3184 1372 3233 et
1387 3186 1491 3259 quum
1507 3162 1589 3233 haec
1603 3160 1844 3234 caesareorum

430 3256 528 3335 cessio
545 3263 633 3333 iuxta
651 3286 849 3357 conceptum
870 3254 1302 3332 Trautmannsdorffianum
1323 3264 1468 3356 exceptis
1482 3260 1620 3333 vocibus
1642 3266 1844 3331 continentie

430 3364 568 3441 meram,
594 3360 714 3453 quibus
738 3357 927 3430 substitutae
951 3355 1024 3428 sunt
1045 3381 1158 3427 voces:
1188 3362 1258 3429 Sole
1278 3361 1487 3445 obseruantia,
1513 3356 1736 3430 lnllrumento
1752 3359 1844 3428 Pacis

430 3454 562 3529 nsertc:
589 3457 741 3528 dubitate
759 3482 825 3528 noo
847 3458 924 3528 licet
940 3454 1088 3527 subditos
1103 3456 1262 3526 llauariae
1278 3480 1343 3525 non
1359 3455 1468 3538 illam,
1492 3478 1593 3550 quam
1612 3450 1845 3527 Grns'run·

431 3570 554 3627 ntvs
573 3554 778 3651 praetendit,
805 3552 1022 3625 conscientiae
1045 3550 1232 3623 libertatem
1256 3550 1434 3624 secondum
1458 3575 1603 3622 mentem
1623 3555 1713 3649 pacis
1728 3548 1844 3623 nailoa

430 3700 441 3727 a
486 3654 599 3723 Immo
616 3648 739 3723 constat
757 3657 920 3743 Legatum
936 3649 1158 3721 Eledloralem
1173 3653 1370 3720 Bauaricum
1386 3650 1426 3722 ad
1447 3648 1628 3723 Trailatur
1650 3652 1742 3749 pacis
1762 3674 1844 3727 cone

437 3752 680 3825 Autonomiam
694 3748 904 3822 subditorum
920 3745 1113 3821 solemniter
1128 3745 1192 3821 elle
1209 3744 1428 3844 protelltrum
1443 3746 1505 3823 ”⁸0

961 3936 1247 4041 §.xxvnn

485 4084 619 4177 Quarto
637 4077 717 4150 Idus
742 4075 827 4167 7brio
851 4085 955 4168 1647.
969 4076 1133 4173 prolixam
1153 4075 1317 4149 Catholici
1338 4072 1537 4172 scripturam
1555 4075 1647 4149 varia
1668 4076 1703 4147 in
1721 4072 1845 4147 Insten-

430 4180 490 4255 atis
507 4178 599 4251 Paria
616 4174 772 4249 mutanda
785 4179 1010 4250 continentem
1023 4172 1190 4251 Caesareia
1205 4172 1402 4253 exhibebant
1416 4172 1717 4273 Plenipotentiariia
1726 4224 1737 4262 ,
1757 4195 1843 4273 quor

1809 4291 1844 4347 et

450 4408 515 4476 cit.
532 4406 635 4473 Relat.
647 4406 726 4473 Hist.
743 4406 1041 4490 C.xx1v.§.xx1.
1057 4405 1084 4489 i.
1098 4424 1170 4492 471.

434 4529 449 4563 '
475 4526 558 4591 Item
574 4526 610 4595 C.
627 4547 736 4591 xxxv.
756 4522 790 4605 δ.
807 4545 925 4588 xx111.
948 4544 1018 4610 pag.
1031 4545 1103 4610 473.

434 4646 473 4679 ’⁸'
494 4644 634 4711 llltrrrar
652 4644 732 4711 Asta
748 4642 780 4713 P.
794 4643 848 4713 W·
869 4643 965 4712 Toto.
981 4664 1034 4711 ιν.
1048 4665 1078 4729 p.
1092 4660 1164 4727 909.
1178 4660 1210 4708 n.
1222 4657 1254 4706 2.
1306 4632 1310 4637 ’
1477 4708 1482 4717 .

430 4744 554 4827 ramas
577 4744 667 4826 Vll.
1198 4742 1278 4835 Gt
1357 4826 1367 4833 .
