<?xml version="1.0" encoding="UTF-8"?>
<!DOCTYPE html PUBLIC "-//W3C//DTD XHTML 1.0 Transitional//EN"
    "http://www.w3.org/TR/xhtml1/DTD/xhtml1-transitional.dtd">
<html xmlns="http://www.w3.org/1999/xhtml" xml:lang="en" lang="en">
 <head>
  <title>
</title>
<meta http-equiv="Content-Type" content="text/html;charset=utf-8" />
  <meta name='ocr-system' content='tesseract 3.04.00' />
  <meta name='ocr-capabilities' content='ocr_page ocr_carea ocr_par ocr_line ocrx_word'/>
</head>
<body>
  <div class='ocr_page' id='page_1' title='image "./thesavrvsivrise03schmgoog_0484.png"; bbox 0 0 4784 5550; ppageno 0'>
   <div class='ocr_carea' id='block_1_1' title="bbox 896 591 1540 878">
    <p class='ocr_par' dir='ltr' id='par_1_1' title="bbox 896 591 1540 878">
     <span class='ocr_line' id='line_1_1' title="bbox 896 591 1540 674; baseline 0.003 -1"><span class='ocrx_word' id='word_1_1' title='bbox 896 591 1540 674; x_wconf 77' lang='lat' dir='ltr'>olssulcTu‘rto</span> 
     </span>
     <span class='ocr_line' id='line_1_2' title="bbox 973 785 1287 878; baseline 0.003 -12"><span class='ocrx_word' id='word_1_2' title='bbox 973 785 979 804; x_wconf 65' lang='lat'>⁸</span> <span class='ocrx_word' id='word_1_3' title='bbox 1115 789 1287 878; x_wconf 58' lang='lat' dir='ltr'>§.XX</span> 
     </span>
    </p>
   </div>
   <div class='ocr_carea' id='block_1_2' title="bbox 453 931 1929 1134">
    <p class='ocr_par' dir='ltr' id='par_1_2' title="bbox 453 931 1929 1134">
     <span class='ocr_line' id='line_1_3' title="bbox 570 931 1926 1036; baseline 0.007 -28"><span class='ocrx_word' id='word_1_4' title='bbox 570 936 662 1036; x_wconf 76' lang='lat' dir='ltr'>Quin</span> <span class='ocrx_word' id='word_1_5' title='bbox 686 931 776 1032; x_wconf 92' lang='lat' dir='ltr'>quod</span> <span class='ocrx_word' id='word_1_6' title='bbox 798 935 886 1015; x_wconf 73' lang='lat' dir='ltr'>vl,</span> <span class='ocrx_word' id='word_1_7' title='bbox 907 932 943 1004; x_wconf 91' lang='lat' dir='ltr'>in</span> <span class='ocrx_word' id='word_1_8' title='bbox 959 933 1129 1034; x_wconf 83' lang='lat' dir='ltr'>supposito</span> <span class='ocrx_word' id='word_1_9' title='bbox 1145 937 1245 1012; x_wconf 84' lang='lat' dir='ltr'>etiam</span> <span class='ocrx_word' id='word_1_10' title='bbox 1259 940 1361 1012; x_wconf 88' lang='lat' dir='ltr'>initae</span> <span class='ocrx_word' id='word_1_11' title='bbox 1380 936 1556 1034; x_wconf 72' lang='lat' dir='ltr'>locationis</span> <span class='ocrx_word' id='word_1_12' title='bbox 1582 936 1836 1026; x_wconf 67' lang='lat' dir='ltr'>conduklionie,</span> <span class='ocrx_word' id='word_1_13' title='bbox 1854 943 1926 1017; x_wconf 90' lang='lat' dir='ltr'>deci·</span> 
     </span>
     <span class='ocr_line' id='line_1_4' title="bbox 453 1027 1929 1134; baseline 0.001 -20"><span class='ocrx_word' id='word_1_14' title='bbox 453 1037 579 1114; x_wconf 81' lang='lat' dir='ltr'>metior</span> <span class='ocrx_word' id='word_1_15' title='bbox 601 1057 742 1132; x_wconf 91' lang='lat' dir='ltr'>propter</span> <span class='ocrx_word' id='word_1_16' title='bbox 760 1027 983 1127; x_wconf 79' lang='lat' dir='ltr'>longissimum</span> <span class='ocrx_word' id='word_1_17' title='bbox 998 1060 1131 1131; x_wconf 89' lang='lat' dir='ltr'>rempua</span> <span class='ocrx_word' id='word_1_18' title='bbox 1151 1037 1201 1105; x_wconf 84' lang='lat' dir='ltr'>ius</span> <span class='ocrx_word' id='word_1_19' title='bbox 1218 1038 1252 1106; x_wconf 93' lang='lat' dir='ltr'>in</span> <span class='ocrx_word' id='word_1_20' title='bbox 1270 1061 1308 1108; x_wconf 91' lang='lat' dir='ltr'>re</span> <span class='ocrx_word' id='word_1_21' title='bbox 1331 1035 1552 1134; x_wconf 80' lang='lat' dir='ltr'>consequutus</span> <span class='ocrx_word' id='word_1_22' title='bbox 1567 1033 1649 1119; x_wconf 83' lang='lat' dir='ltr'>else,</span> <span class='ocrx_word' id='word_1_23' title='bbox 1672 1037 1870 1113; x_wconf 84' lang='lat' dir='ltr'>censendum</span> <span class='ocrx_word' id='word_1_24' title='bbox 1883 1038 1929 1115; x_wconf 82' lang='lat' dir='ltr'>ed.</span> 
     </span>
    </p>
   </div>
   <div class='ocr_carea' id='block_1_3' title="bbox 452 1127 1972 1346">
    <p class='ocr_par' dir='ltr' id='par_1_3' title="bbox 452 1127 1972 1346">
     <span class='ocr_line' id='line_1_5' title="bbox 452 1127 1972 1238; baseline 0.003 -29"><span class='ocrx_word' id='word_1_25' title='bbox 452 1137 582 1210; x_wconf 86' lang='lat' dir='ltr'>Maiori</span> <span class='ocrx_word' id='word_1_26' title='bbox 600 1135 689 1206; x_wconf 88' lang='lat' dir='ltr'>enim</span> <span class='ocrx_word' id='word_1_27' title='bbox 705 1133 799 1215; x_wconf 90' lang='lat' dir='ltr'>iure,</span> <span class='ocrx_word' id='word_1_28' title='bbox 819 1155 888 1225; x_wconf 92' lang='lat' dir='ltr'>quo</span> <span class='ocrx_word' id='word_1_29' title='bbox 905 1131 958 1218; x_wconf 90' lang='lat' dir='ltr'>ei,</span> <span class='ocrx_word' id='word_1_30' title='bbox 982 1137 1125 1230; x_wconf 92' lang='lat' dir='ltr'>quinon</span> <span class='ocrx_word' id='word_1_31' title='bbox 1149 1133 1189 1204; x_wconf 85' lang='lat' dir='ltr'>cd</span> <span class='ocrx_word' id='word_1_32' title='bbox 1205 1134 1375 1208; x_wconf 84' lang='lat' dir='ltr'>modicum</span> <span class='ocrx_word' id='word_1_33' title='bbox 1393 1157 1527 1234; x_wconf 85' lang='lat' dir='ltr'>tempur</span> <span class='ocrx_word' id='word_1_34' title='bbox 1542 1137 1701 1212; x_wconf 85' lang='lat' dir='ltr'>conduxit</span> <span class='ocrx_word' id='word_1_35' title='bbox 1720 1127 1930 1238; x_wconf 63' lang='lat' dir='ltr'>superficiem,</span> <span class='ocrx_word' id='word_1_36' title='bbox 1970 1215 1972 1224; x_wconf 79' lang='grc'>,</span> 
     </span>
     <span class='ocr_line' id='line_1_6' title="bbox 454 1227 1972 1346; baseline -0.02 -39"><span class='ocrx_word' id='word_1_37' title='bbox 454 1235 489 1308; x_wconf 93' lang='lat' dir='ltr'>in</span> <span class='ocrx_word' id='word_1_38' title='bbox 506 1255 579 1306; x_wconf 90' lang='lat' dir='ltr'>rem</span> <span class='ocrx_word' id='word_1_39' title='bbox 596 1227 684 1301; x_wconf 71' lang='lat' dir='ltr'>allio</span> <span class='ocrx_word' id='word_1_40' title='bbox 701 1250 897 1324; x_wconf 78' lang='lat' dir='ltr'>competere</span> <span class='ocrx_word' id='word_1_41' title='bbox 1969 1229 1972 1346; x_wconf 71' lang='lat' dir='ltr'>q</span> 
     </span>
    </p>
   </div>
   <div class='ocr_carea' id='block_1_4' title="bbox 458 1351 1597 1577">
    <p class='ocr_par' dir='ltr' id='par_1_4' title="bbox 458 1351 1597 1577">
     <span class='ocr_line' id='line_1_7' title="bbox 626 1351 1102 1445; baseline 0.006 -21"><span class='ocrx_word' id='word_1_42' title='bbox 626 1361 659 1425; x_wconf 93' lang='lat' dir='ltr'>iu</span> <span class='ocrx_word' id='word_1_43' title='bbox 679 1362 698 1424; x_wconf 92' lang='lat' dir='ltr'>l.</span> <span class='ocrx_word' id='word_1_44' title='bbox 715 1379 743 1425; x_wconf 91' lang='lat'>1.</span> <span class='ocrx_word' id='word_1_45' title='bbox 765 1362 795 1440; x_wconf 83' lang='lat'>§.</span> <span class='ocrx_word' id='word_1_46' title='bbox 809 1379 840 1442; x_wconf 76' lang='lat'>3.</span> <span class='ocrx_word' id='word_1_47' title='bbox 849 1351 890 1440; x_wconf 75' lang='lat' dir='ltr'><em>ffi</em></span> <span class='ocrx_word' id='word_1_48' title='bbox 907 1357 943 1422; x_wconf 83' lang='lat' dir='ltr'>da</span> <span class='ocrx_word' id='word_1_49' title='bbox 955 1355 1102 1445; x_wconf 79' lang='lat' dir='ltr'>superfit.</span> 
     </span>
     <span class='ocr_line' id='line_1_8' title="bbox 458 1477 1597 1577; baseline 0.003 -23"><span class='ocrx_word' id='word_1_50' title='bbox 458 1477 602 1566; x_wconf 88' lang='lat' dir='ltr'>dicitur,</span> <span class='ocrx_word' id='word_1_51' title='bbox 623 1503 814 1577; x_wconf 87' lang='lat' dir='ltr'>quanquam</span> <span class='ocrx_word' id='word_1_52' title='bbox 831 1477 953 1551; x_wconf 86' lang='lat' dir='ltr'>locatio</span> <span class='ocrx_word' id='word_1_53' title='bbox 968 1481 1168 1572; x_wconf 78' lang='lat' dir='ltr'>regulariter</span> <span class='ocrx_word' id='word_1_54' title='bbox 1187 1478 1376 1555; x_wconf 86' lang='lat' dir='ltr'>dominium</span> <span class='ocrx_word' id='word_1_55' title='bbox 1391 1505 1457 1558; x_wconf 90' lang='lat' dir='ltr'>oon</span> <span class='ocrx_word' id='word_1_56' title='bbox 1476 1499 1597 1565; x_wconf 83' lang='lat' dir='ltr'>motet,</span> 
     </span>
    </p>
   </div>
   <div class='ocr_carea' id='block_1_5' title="bbox 882 1604 1134 1694">
    <p class='ocr_par' dir='ltr' id='par_1_5' title="bbox 882 1604 1134 1694">
     <span class='ocr_line' id='line_1_9' title="bbox 882 1604 1134 1694; baseline 0.028 -22"><span class='ocrx_word' id='word_1_57' title='bbox 882 1610 902 1676; x_wconf 87' lang='lat' dir='ltr'>l.</span> <span class='ocrx_word' id='word_1_58' title='bbox 919 1629 970 1693; x_wconf 81' lang='lat'>39.</span> <span class='ocrx_word' id='word_1_59' title='bbox 982 1604 1023 1694; x_wconf 92' lang='lat' dir='ltr'>ff.</span> <span class='ocrx_word' id='word_1_60' title='bbox 1049 1614 1134 1681; x_wconf 78' lang='lat' dir='ltr'>locat.</span> 
     </span>
    </p>
   </div>
   <div class='ocr_carea' id='block_1_6' title="bbox 393 1725 1949 2215">
    <p class='ocr_par' dir='ltr' id='par_1_6' title="bbox 393 1725 1949 2215">
     <span class='ocr_line' id='line_1_10' title="bbox 454 1725 1939 1826; baseline 0.001 -20"><span class='ocrx_word' id='word_1_61' title='bbox 454 1730 667 1812; x_wconf 73' lang='lat' dir='ltr'>decimariis,</span> <span class='ocrx_word' id='word_1_62' title='bbox 686 1728 829 1800; x_wconf 79' lang='lat' dir='ltr'>decimae</span> <span class='ocrx_word' id='word_1_63' title='bbox 852 1753 913 1823; x_wconf 89' lang='lat' dir='ltr'>per</span> <span class='ocrx_word' id='word_1_64' title='bbox 932 1727 1154 1822; x_wconf 77' lang='lat' dir='ltr'>longissimum</span> <span class='ocrx_word' id='word_1_65' title='bbox 1174 1751 1306 1826; x_wconf 78' lang='lat' dir='ltr'>tempus</span> <span class='ocrx_word' id='word_1_66' title='bbox 1322 1729 1356 1799; x_wconf 91' lang='lat' dir='ltr'>in</span> <span class='ocrx_word' id='word_1_67' title='bbox 1378 1725 1604 1802; x_wconf 77' lang='lat' dir='ltr'>aestimatione</span> <span class='ocrx_word' id='word_1_68' title='bbox 1624 1725 1888 1826; x_wconf 72' lang='lat' dir='ltr'>praesentibur,</span> <span class='ocrx_word' id='word_1_69' title='bbox 1906 1732 1939 1807; x_wconf 88' lang='lat' dir='ltr'>iu</span> 
     </span>
     <span class='ocr_line' id='line_1_11' title="bbox 453 1824 1936 1924; baseline -0.003 -20"><span class='ocrx_word' id='word_1_70' title='bbox 453 1854 528 1904; x_wconf 82' lang='lat' dir='ltr'>tem</span> <span class='ocrx_word' id='word_1_71' title='bbox 545 1829 633 1900; x_wconf 71' lang='lat' dir='ltr'>allio</span> <span class='ocrx_word' id='word_1_72' title='bbox 653 1828 861 1898; x_wconf 90' lang='lat' dir='ltr'>concedenda</span> <span class='ocrx_word' id='word_1_73' title='bbox 878 1832 954 1903; x_wconf 90' lang='lat' dir='ltr'>erit.</span> <span class='ocrx_word' id='word_1_74' title='bbox 1002 1833 1127 1923; x_wconf 84' lang='lat' dir='ltr'>Neque</span> <span class='ocrx_word' id='word_1_75' title='bbox 1142 1825 1266 1911; x_wconf 83' lang='lat' dir='ltr'>refert,</span> <span class='ocrx_word' id='word_1_76' title='bbox 1282 1824 1305 1896; x_wconf 85' lang='lat' dir='ltr'>si</span> <span class='ocrx_word' id='word_1_77' title='bbox 1319 1851 1384 1895; x_wconf 93' lang='lat' dir='ltr'>non</span> <span class='ocrx_word' id='word_1_78' title='bbox 1402 1825 1547 1921; x_wconf 84' lang='lat' dir='ltr'>praecise</span> <span class='ocrx_word' id='word_1_79' title='bbox 1564 1849 1718 1924; x_wconf 84' lang='lat' dir='ltr'>temput,</span> <span class='ocrx_word' id='word_1_80' title='bbox 1736 1829 1877 1899; x_wconf 90' lang='lat' dir='ltr'>modum</span> <span class='ocrx_word' id='word_1_81' title='bbox 1890 1832 1936 1901; x_wconf 85' lang='lat' dir='ltr'>iur</span> 
     </span>
     <span class='ocr_line' id='line_1_12' title="bbox 457 1923 1939 2020; baseline -0.001 -22"><span class='ocrx_word' id='word_1_82' title='bbox 457 1929 493 1998; x_wconf 90' lang='lat' dir='ltr'>in</span> <span class='ocrx_word' id='word_1_83' title='bbox 511 1951 548 2000; x_wconf 93' lang='lat' dir='ltr'>re</span> <span class='ocrx_word' id='word_1_84' title='bbox 563 1923 781 1998; x_wconf 79' lang='lat' dir='ltr'>constituendi</span> <span class='ocrx_word' id='word_1_85' title='bbox 799 1923 952 2009; x_wconf 86' lang='lat' dir='ltr'>existere,</span> <span class='ocrx_word' id='word_1_86' title='bbox 974 1949 1090 2019; x_wconf 85' lang='lat' dir='ltr'>putea,</span> <span class='ocrx_word' id='word_1_87' title='bbox 1112 1924 1165 1997; x_wconf 88' lang='lat' dir='ltr'>sed</span> <span class='ocrx_word' id='word_1_88' title='bbox 1189 1929 1301 2020; x_wconf 89' lang='lat' dir='ltr'>potiua</span> <span class='ocrx_word' id='word_1_89' title='bbox 1316 1925 1520 1996; x_wconf 88' lang='lat' dir='ltr'>voluntatem</span> <span class='ocrx_word' id='word_1_90' title='bbox 1540 1926 1685 2005; x_wconf 88' lang='lat' dir='ltr'>domini,</span> <span class='ocrx_word' id='word_1_91' title='bbox 1709 1951 1798 2019; x_wconf 83' lang='lat' dir='ltr'>quee</span> <span class='ocrx_word' id='word_1_92' title='bbox 1813 1951 1851 1999; x_wconf 81' lang='lat' dir='ltr'>er</span> <span class='ocrx_word' id='word_1_93' title='bbox 1865 1949 1939 1998; x_wconf 90' lang='lat' dir='ltr'>tem·</span> 
     </span>
     <span class='ocr_line' id='line_1_13' title="bbox 455 2017 1949 2121; baseline 0.001 -26"><span class='ocrx_word' id='word_1_94' title='bbox 455 2047 542 2121; x_wconf 92' lang='lat' dir='ltr'>pore</span> <span class='ocrx_word' id='word_1_95' title='bbox 559 2025 679 2116; x_wconf 89' lang='lat' dir='ltr'>longo,</span> <span class='ocrx_word' id='word_1_96' title='bbox 699 2017 766 2093; x_wconf 80' lang='lat' dir='ltr'>fiue</span> <span class='ocrx_word' id='word_1_97' title='bbox 790 2020 889 2116; x_wconf 76' lang='lat' dir='ltr'>pallo</span> <span class='ocrx_word' id='word_1_98' title='bbox 906 2044 1006 2093; x_wconf 85' lang='lat' dir='ltr'>tacito</span> <span class='ocrx_word' id='word_1_99' title='bbox 1029 2022 1269 2120; x_wconf 80' lang='lat' dir='ltr'>praesumatur.</span> <span class='ocrx_word' id='word_1_100' title='bbox 1320 2025 1504 2093; x_wconf 89' lang='lat' dir='ltr'>Enimuero</span> <span class='ocrx_word' id='word_1_101' title='bbox 1526 2029 1649 2118; x_wconf 83' lang='lat' dir='ltr'>paritet</span> <span class='ocrx_word' id='word_1_102' title='bbox 1677 2022 1814 2120; x_wconf 83' lang='lat' dir='ltr'>semper</span> <span class='ocrx_word' id='word_1_103' title='bbox 1831 2049 1871 2096; x_wconf 85' lang='lat' dir='ltr'>eo</span> <span class='ocrx_word' id='word_1_104' title='bbox 1889 2047 1949 2096; x_wconf 75' lang='grc' dir='ltr'>τοι.</span> 
     </span>
     <span class='ocr_line' id='line_1_14' title="bbox 393 2116 1936 2215; baseline 0.001 -23"><span class='ocrx_word' id='word_1_105' title='bbox 393 2169 401 2180; x_wconf 89' lang='grc'>-</span> <span class='ocrx_word' id='word_1_106' title='bbox 456 2123 559 2203; x_wconf 91' lang='lat' dir='ltr'>dibit,</span> <span class='ocrx_word' id='word_1_107' title='bbox 578 2144 631 2202; x_wconf 85' lang='lat' dir='ltr'>vt,</span> <span class='ocrx_word' id='word_1_108' title='bbox 657 2118 735 2190; x_wconf 89' lang='lat' dir='ltr'>steut</span> <span class='ocrx_word' id='word_1_109' title='bbox 753 2116 1016 2213; x_wconf 72' lang='lat' dir='ltr'>superficiatus,</span> <span class='ocrx_word' id='word_1_110' title='bbox 1042 2120 1086 2190; x_wconf 92' lang='lat' dir='ltr'>ob</span> <span class='ocrx_word' id='word_1_111' title='bbox 1111 2118 1362 2215; x_wconf 84' lang='lat' dir='ltr'>praesumptum</span> <span class='ocrx_word' id='word_1_112' title='bbox 1386 2141 1425 2188; x_wconf 84' lang='lat' dir='ltr'>ex</span> <span class='ocrx_word' id='word_1_113' title='bbox 1446 2117 1538 2214; x_wconf 87' lang='lat' dir='ltr'>lapsu</span> <span class='ocrx_word' id='word_1_114' title='bbox 1561 2123 1728 2215; x_wconf 81' lang='lat' dir='ltr'>temporie</span> <span class='ocrx_word' id='word_1_115' title='bbox 1750 2119 1936 2194; x_wconf 86' lang='lat' dir='ltr'>consensum</span> 
     </span>
    </p>
   </div>
   <div class='ocr_carea' id='block_1_7' title="bbox 336 2216 1972 2312">
    <p class='ocr_par' dir='ltr' id='par_1_7' title="bbox 336 2216 1972 2312">
     <span class='ocr_line' id='line_1_15' title="bbox 336 2216 1972 2312; baseline -0.001 -22"><span class='ocrx_word' id='word_1_116' title='bbox 336 2287 345 2302; x_wconf 68' lang='grc'><strong>,</strong></span> <span class='ocrx_word' id='word_1_117' title='bbox 455 2223 595 2290; x_wconf 86' lang='lat' dir='ltr'>Domini</span> <span class='ocrx_word' id='word_1_118' title='bbox 620 2219 708 2298; x_wconf 88' lang='lat' dir='ltr'>Soli,</span> <span class='ocrx_word' id='word_1_119' title='bbox 731 2220 782 2286; x_wconf 88' lang='lat' dir='ltr'>ius</span> <span class='ocrx_word' id='word_1_120' title='bbox 801 2219 834 2286; x_wconf 92' lang='lat' dir='ltr'>in</span> <span class='ocrx_word' id='word_1_121' title='bbox 856 2242 892 2289; x_wconf 90' lang='lat' dir='ltr'>re</span> <span class='ocrx_word' id='word_1_122' title='bbox 914 2216 1141 2312; x_wconf 80' lang='lat' dir='ltr'>consequitur,</span> <span class='ocrx_word' id='word_1_123' title='bbox 1173 2217 1266 2287; x_wconf 80' lang='lat' dir='ltr'>ita&amp;</span> <span class='ocrx_word' id='word_1_124' title='bbox 1291 2218 1489 2286; x_wconf 79' lang='lat' dir='ltr'>decimarius</span> <span class='ocrx_word' id='word_1_125' title='bbox 1513 2242 1551 2288; x_wconf 85' lang='lat' dir='ltr'>ex</span> <span class='ocrx_word' id='word_1_126' title='bbox 1573 2219 1936 2311; x_wconf 80' lang='lat' dir='ltr'>praesumendarulun·</span> <span class='ocrx_word' id='word_1_127' title='bbox 1969 2263 1972 2272; x_wconf 93' lang='lat'>·</span> 
     </span>
    </p>
   </div>
   <div class='ocr_carea' id='block_1_8' title="bbox 454 2311 1963 2489">
    <p class='ocr_par' dir='ltr' id='par_1_8' title="bbox 454 2311 1963 2489">
     <span class='ocr_line' id='line_1_16' title="bbox 455 2311 1963 2412; baseline -0.002 -24"><span class='ocrx_word' id='word_1_128' title='bbox 455 2339 522 2388; x_wconf 83' lang='lat' dir='ltr'>tate</span> <span class='ocrx_word' id='word_1_129' title='bbox 544 2317 778 2393; x_wconf 85' lang='lat' dir='ltr'>decimatoria,</span> <span class='ocrx_word' id='word_1_130' title='bbox 806 2315 845 2382; x_wconf 88' lang='lat' dir='ltr'>ad</span> <span class='ocrx_word' id='word_1_131' title='bbox 870 2312 1090 2408; x_wconf 83' lang='lat' dir='ltr'>longiffimum</span> <span class='ocrx_word' id='word_1_132' title='bbox 1107 2337 1240 2412; x_wconf 81' lang='lat' dir='ltr'>tempus</span> <span class='ocrx_word' id='word_1_133' title='bbox 1266 2313 1412 2386; x_wconf 81' lang='lat' dir='ltr'>decimas</span> <span class='ocrx_word' id='word_1_134' title='bbox 1437 2314 1601 2397; x_wconf 84' lang='lat' dir='ltr'>lucentia,</span> <span class='ocrx_word' id='word_1_135' title='bbox 1623 2318 1675 2387; x_wconf 78' lang='lat' dir='ltr'>ius</span> <span class='ocrx_word' id='word_1_136' title='bbox 1692 2318 1727 2386; x_wconf 90' lang='lat' dir='ltr'>in</span> <span class='ocrx_word' id='word_1_137' title='bbox 1742 2339 1781 2388; x_wconf 90' lang='lat' dir='ltr'>te</span> <span class='ocrx_word' id='word_1_138' title='bbox 1809 2321 1934 2412; x_wconf 80' lang='lat' dir='ltr'>adeptor</span> <span class='ocrx_word' id='word_1_139' title='bbox 1958 2311 1963 2318; x_wconf 86' lang='grc'>’</span> 
     </span>
     <span class='ocr_line' id='line_1_17' title="bbox 454 2408 856 2489; baseline -0.015 -2"><span class='ocrx_word' id='word_1_140' title='bbox 454 2409 519 2488; x_wconf 84' lang='lat' dir='ltr'>esse</span> <span class='ocrx_word' id='word_1_141' title='bbox 539 2411 789 2486; x_wconf 79' lang='lat' dir='ltr'>existimandum</span> <span class='ocrx_word' id='word_1_142' title='bbox 809 2408 856 2489; x_wconf 79' lang='lat' dir='ltr'>stt.</span> 
     </span>
    </p>
   </div>
   <div class='ocr_carea' id='block_1_9' title="bbox 1109 2561 1296 2652">
    <p class='ocr_par' dir='ltr' id='par_1_9' title="bbox 1109 2561 1296 2652">
     <span class='ocr_line' id='line_1_18' title="bbox 1109 2561 1296 2652; baseline 0.016 -19"><span class='ocrx_word' id='word_1_143' title='bbox 1109 2565 1139 2652; x_wconf 64' lang='grc' dir='ltr'>ς.</span> <span class='ocrx_word' id='word_1_144' title='bbox 1187 2561 1296 2637; x_wconf 83' lang='lat' dir='ltr'>xxi.</span> 
     </span>
    </p>
   </div>
   <div class='ocr_carea' id='block_1_10' title="bbox 453 2726 1972 3605">
    <p class='ocr_par' dir='ltr' id='par_1_10' title="bbox 453 2726 1972 3511">
     <span class='ocr_line' id='line_1_19' title="bbox 570 2726 1927 2827; baseline -0.001 -25"><span class='ocrx_word' id='word_1_145' title='bbox 570 2727 670 2804; x_wconf 88' lang='lat' dir='ltr'>Vnde</span> <span class='ocrx_word' id='word_1_146' title='bbox 685 2732 765 2805; x_wconf 89' lang='lat' dir='ltr'>Vll.</span> <span class='ocrx_word' id='word_1_147' title='bbox 789 2730 823 2800; x_wconf 92' lang='lat' dir='ltr'>in</span> <span class='ocrx_word' id='word_1_148' title='bbox 844 2726 978 2802; x_wconf 87' lang='lat' dir='ltr'>titulum</span> <span class='ocrx_word' id='word_1_149' title='bbox 1005 2727 1046 2801; x_wconf 85' lang='lat' dir='ltr'>cd</span> <span class='ocrx_word' id='word_1_150' title='bbox 1069 2726 1335 2804; x_wconf 84' lang='lat' dir='ltr'>transferendum</span> <span class='ocrx_word' id='word_1_151' title='bbox 1355 2728 1541 2801; x_wconf 87' lang='lat' dir='ltr'>dominium</span> <span class='ocrx_word' id='word_1_152' title='bbox 1564 2727 1733 2813; x_wconf 87' lang='lat' dir='ltr'>habilem,</span> <span class='ocrx_word' id='word_1_153' title='bbox 1752 2733 1799 2803; x_wconf 86' lang='lat' dir='ltr'>vti</span> <span class='ocrx_word' id='word_1_154' title='bbox 1823 2726 1927 2827; x_wconf 76' lang='lat' dir='ltr'>&amp;pus</span> 
     </span>
     <span class='ocr_line' id='line_1_20' title="bbox 454 2824 1929 2925; baseline -0.005 -22"><span class='ocrx_word' id='word_1_155' title='bbox 454 2824 642 2911; x_wconf 80' lang='lat' dir='ltr'>sessionem,</span> <span class='ocrx_word' id='word_1_156' title='bbox 673 2853 758 2924; x_wconf 82' lang='lat' dir='ltr'>quoe</span> <span class='ocrx_word' id='word_1_157' title='bbox 782 2828 821 2899; x_wconf 83' lang='lat' dir='ltr'>ed</span> <span class='ocrx_word' id='word_1_158' title='bbox 867 2825 1137 2925; x_wconf 84' lang='lat' dir='ltr'>raescriptionem</span> <span class='ocrx_word' id='word_1_159' title='bbox 1160 2834 1286 2925; x_wconf 91' lang='lat' dir='ltr'>requiri</span> <span class='ocrx_word' id='word_1_160' title='bbox 1312 2827 1433 2910; x_wconf 91' lang='lat' dir='ltr'>solent,</span> <span class='ocrx_word' id='word_1_161' title='bbox 1457 2854 1534 2898; x_wconf 89' lang='lat' dir='ltr'>cum</span> <span class='ocrx_word' id='word_1_162' title='bbox 1557 2834 1719 2899; x_wconf 75' lang='lat' dir='ltr'>anxietate</span> <span class='ocrx_word' id='word_1_163' title='bbox 1746 2831 1801 2900; x_wconf 86' lang='lat' dir='ltr'>hic</span> <span class='ocrx_word' id='word_1_164' title='bbox 1823 2857 1864 2901; x_wconf 92' lang='lat' dir='ltr'>eo</span> <span class='ocrx_word' id='word_1_165' title='bbox 1881 2831 1929 2898; x_wconf 90' lang='lat' dir='ltr'>mi·</span> 
     </span>
     <span class='ocr_line' id='line_1_21' title="bbox 455 2855 1927 3023; baseline -0.003 -23"><span class='ocrx_word' id='word_1_166' title='bbox 455 2951 518 3000; x_wconf 84' lang='lat' dir='ltr'>uua</span> <span class='ocrx_word' id='word_1_167' title='bbox 538 2928 777 3023; x_wconf 89' lang='lat' dir='ltr'>inquirendum</span> <span class='ocrx_word' id='word_1_168' title='bbox 795 2855 864 2998; x_wconf 57' lang='lat' dir='ltr'>eris</span> <span class='ocrx_word' id='word_1_169' title='bbox 884 2927 1024 3007; x_wconf 86' lang='lat' dir='ltr'>credas,</span> <span class='ocrx_word' id='word_1_170' title='bbox 1052 2951 1120 3021; x_wconf 93' lang='lat' dir='ltr'>quo</span> <span class='ocrx_word' id='word_1_171' title='bbox 1143 2932 1248 3018; x_wconf 89' lang='lat' dir='ltr'>magis</span> <span class='ocrx_word' id='word_1_172' title='bbox 1275 2924 1411 3020; x_wconf 89' lang='lat' dir='ltr'>insuper</span> <span class='ocrx_word' id='word_1_173' title='bbox 1434 2922 1563 2996; x_wconf 82' lang='lat' dir='ltr'>veritati</span> <span class='ocrx_word' id='word_1_174' title='bbox 1588 2951 1777 3017; x_wconf 84' lang='lat' dir='ltr'>congruere</span> <span class='ocrx_word' id='word_1_175' title='bbox 1801 2931 1927 3007; x_wconf 86' lang='lat' dir='ltr'>uidetur,</span> 
     </span>
     <span class='ocr_line' id='line_1_22' title="bbox 455 3019 1972 3131; baseline -0.001 -35"><span class='ocrx_word' id='word_1_176' title='bbox 455 3049 565 3121; x_wconf 89' lang='lat' dir='ltr'>neque</span> <span class='ocrx_word' id='word_1_177' title='bbox 583 3025 701 3104; x_wconf 91' lang='lat' dir='ltr'>titulo,</span> <span class='ocrx_word' id='word_1_178' title='bbox 723 3048 831 3119; x_wconf 91' lang='lat' dir='ltr'>neque</span> <span class='ocrx_word' id='word_1_179' title='bbox 855 3019 1063 3118; x_wconf 78' lang='lat' dir='ltr'>possessione,</span> <span class='ocrx_word' id='word_1_180' title='bbox 1084 3048 1118 3094; x_wconf 85' lang='lat' dir='ltr'>vt</span> <span class='ocrx_word' id='word_1_181' title='bbox 1138 3023 1356 3118; x_wconf 87' lang='lat' dir='ltr'>praescriptio</span> <span class='ocrx_word' id='word_1_182' title='bbox 1373 3024 1549 3117; x_wconf 83' lang='lat' dir='ltr'>procedat,</span> <span class='ocrx_word' id='word_1_183' title='bbox 1571 3025 1624 3094; x_wconf 87' lang='lat' dir='ltr'>hic</span> <span class='ocrx_word' id='word_1_184' title='bbox 1640 3049 1728 3117; x_wconf 85' lang='lat' dir='ltr'>opus</span> <span class='ocrx_word' id='word_1_185' title='bbox 1745 3020 1820 3095; x_wconf 81' lang='lat' dir='ltr'>else.</span> <span class='ocrx_word' id='word_1_186' title='bbox 1869 3030 1929 3095; x_wconf 86' lang='lat' dir='ltr'>Nu·</span> <span class='ocrx_word' id='word_1_187' title='bbox 1968 3056 1972 3131; x_wconf 66' lang='lat' dir='ltr'>l</span> 
     </span>
     <span class='ocr_line' id='line_1_23' title="bbox 454 3118 1972 3215; baseline -0.003 -19"><span class='ocrx_word' id='word_1_188' title='bbox 454 3145 527 3196; x_wconf 89' lang='lat' dir='ltr'>tum</span> <span class='ocrx_word' id='word_1_189' title='bbox 545 3125 633 3193; x_wconf 87' lang='lat' dir='ltr'>enim</span> <span class='ocrx_word' id='word_1_190' title='bbox 646 3119 709 3201; x_wconf 87' lang='lat' dir='ltr'>est,</span> <span class='ocrx_word' id='word_1_191' title='bbox 728 3124 760 3190; x_wconf 90' lang='lat' dir='ltr'>in</span> <span class='ocrx_word' id='word_1_192' title='bbox 780 3118 1041 3215; x_wconf 89' lang='lat' dir='ltr'>praescriptione</span> <span class='ocrx_word' id='word_1_193' title='bbox 1060 3124 1244 3214; x_wconf 84' lang='lat' dir='ltr'>ptiumtua,</span> <span class='ocrx_word' id='word_1_194' title='bbox 1263 3146 1327 3214; x_wconf 92' lang='lat' dir='ltr'>qua</span> <span class='ocrx_word' id='word_1_195' title='bbox 1347 3123 1508 3211; x_wconf 84' lang='lat' dir='ltr'>obligatio</span> <span class='ocrx_word' id='word_1_196' title='bbox 1532 3119 1700 3190; x_wconf 77' lang='lat' dir='ltr'>contrella</span> <span class='ocrx_word' id='word_1_197' title='bbox 1724 3127 1926 3213; x_wconf 83' lang='lat' dir='ltr'>extinguitur,</span> <span class='ocrx_word' id='word_1_198' title='bbox 1969 3140 1972 3185; x_wconf 79' lang='grc' dir='ltr'>ἑ</span> 
     </span>
     <span class='ocr_line' id='line_1_24' title="bbox 453 3188 1972 3323; baseline -0.003 -32"><span class='ocrx_word' id='word_1_199' title='bbox 453 3220 585 3291; x_wconf 88' lang='lat' dir='ltr'>nullum</span> <span class='ocrx_word' id='word_1_200' title='bbox 608 3217 742 3287; x_wconf 92' lang='lat' dir='ltr'>titulum</span> <span class='ocrx_word' id='word_1_201' title='bbox 765 3217 1005 3306; x_wconf 77' lang='lat' dir='ltr'>adlegandum,</span> <span class='ocrx_word' id='word_1_202' title='bbox 1026 3215 1080 3287; x_wconf 89' lang='lat' dir='ltr'>sed</span> <span class='ocrx_word' id='word_1_203' title='bbox 1099 3219 1188 3287; x_wconf 90' lang='lat' dir='ltr'>illam</span> <span class='ocrx_word' id='word_1_204' title='bbox 1215 3217 1278 3288; x_wconf 87' lang='lat' dir='ltr'>sola</span> <span class='ocrx_word' id='word_1_205' title='bbox 1301 3242 1464 3314; x_wconf 76' lang='lat' dir='ltr'>temporis</span> <span class='ocrx_word' id='word_1_206' title='bbox 1496 3222 1728 3311; x_wconf 88' lang='lat' dir='ltr'>praerogatiua</span> <span class='ocrx_word' id='word_1_207' title='bbox 1751 3240 1925 3291; x_wconf 85' lang='lat' dir='ltr'>contentam</span> <span class='ocrx_word' id='word_1_208' title='bbox 1966 3188 1972 3323; x_wconf 66' lang='lat'>1</span> 
     </span>
     <span class='ocr_line' id='line_1_25' title="bbox 455 3310 1971 3431; baseline -0.002 -42"><span class='ocrx_word' id='word_1_209' title='bbox 455 3312 532 3389; x_wconf 87' lang='lat' dir='ltr'>esse.</span> <span class='ocrx_word' id='word_1_210' title='bbox 565 3320 715 3428; x_wconf 30' lang='lat' dir='ltr'>‘Neque</span> <span class='ocrx_word' id='word_1_211' title='bbox 737 3314 803 3387; x_wconf 84' lang='lat' dir='ltr'>vlla</span> <span class='ocrx_word' id='word_1_212' title='bbox 821 3313 862 3385; x_wconf 94' lang='lat' dir='ltr'>ad</span> <span class='ocrx_word' id='word_1_213' title='bbox 886 3315 969 3386; x_wconf 87' lang='lat' dir='ltr'>hanc</span> <span class='ocrx_word' id='word_1_214' title='bbox 1002 3314 1299 3412; x_wconf 77' lang='lat' dir='ltr'>praescriptionem</span> <span class='ocrx_word' id='word_1_215' title='bbox 1325 3319 1510 3411; x_wconf 88' lang='lat' dir='ltr'>requiritur</span> <span class='ocrx_word' id='word_1_216' title='bbox 1535 3310 1710 3412; x_wconf 80' lang='lat' dir='ltr'>posl&#39;eist03</span> <span class='ocrx_word' id='word_1_217' title='bbox 1744 3340 1851 3413; x_wconf 91' lang='lat' dir='ltr'>quum</span> <span class='ocrx_word' id='word_1_218' title='bbox 1870 3316 1924 3401; x_wconf 83' lang='lat' dir='ltr'>ille,</span> <span class='ocrx_word' id='word_1_219' title='bbox 1966 3332 1971 3431; x_wconf 65' lang='lat' dir='ltr'>q</span> 
     </span>
     <span class='ocr_line' id='line_1_26' title="bbox 461 3434 1970 3511; baseline -0.002 -25"><span class='ocrx_word' id='word_1_220' title='bbox 461 3435 599 3511; x_wconf 78' lang='lat' dir='ltr'>quaero</span> <span class='ocrx_word' id='word_1_221' title='bbox 1964 3434 1970 3507; x_wconf 75' lang='lat' dir='ltr'>l</span> 
     </span>
    </p>

    <p class='ocr_par' dir='ltr' id='par_1_11' title="bbox 832 3518 1198 3605">
     <span class='ocr_line' id='line_1_27' title="bbox 832 3518 1198 3605; baseline 0.011 -21"><span class='ocrx_word' id='word_1_222' title='bbox 832 3518 904 3604; x_wconf 86' lang='lat' dir='ltr'>Cap.</span> <span class='ocrx_word' id='word_1_223' title='bbox 920 3542 949 3605; x_wconf 85' lang='lat'>3.</span> <span class='ocrx_word' id='word_1_224' title='bbox 968 3523 1004 3586; x_wconf 78' lang='lat' dir='ltr'>dc</span> <span class='ocrx_word' id='word_1_225' title='bbox 1020 3522 1057 3588; x_wconf 86' lang='lat' dir='ltr'>R.</span> <span class='ocrx_word' id='word_1_226' title='bbox 1076 3523 1101 3589; x_wconf 90' lang='lat'>1.</span> <span class='ocrx_word' id='word_1_227' title='bbox 1122 3526 1154 3585; x_wconf 86' lang='lat' dir='ltr'>in</span> <span class='ocrx_word' id='word_1_228' title='bbox 1167 3522 1198 3589; x_wconf 89' lang='lat'>6.</span> 
     </span>
    </p>
   </div>
   <div class='ocr_carea' id='block_1_11' title="bbox 452 3634 1912 3930">
    <p class='ocr_par' dir='ltr' id='par_1_12' title="bbox 452 3634 1912 3930">
     <span class='ocr_line' id='line_1_28' title="bbox 454 3634 1912 3742; baseline -0.001 -28"><span class='ocrx_word' id='word_1_229' title='bbox 454 3641 599 3714; x_wconf 87' lang='lat' dir='ltr'>traditur</span> <span class='ocrx_word' id='word_1_230' title='bbox 614 3639 751 3731; x_wconf 87' lang='lat' dir='ltr'>regula,</span> <span class='ocrx_word' id='word_1_231' title='bbox 775 3635 840 3710; x_wconf 89' lang='lat' dir='ltr'>sine</span> <span class='ocrx_word' id='word_1_232' title='bbox 856 3634 1045 3733; x_wconf 80' lang='lat' dir='ltr'>polseffione</span> <span class='ocrx_word' id='word_1_233' title='bbox 1071 3636 1365 3732; x_wconf 85' lang='lat' dir='ltr'>praescriptionem</span> <span class='ocrx_word' id='word_1_234' title='bbox 1393 3667 1459 3710; x_wconf 91' lang='lat' dir='ltr'>nnn</span> <span class='ocrx_word' id='word_1_235' title='bbox 1478 3644 1681 3737; x_wconf 85' lang='lat' dir='ltr'>procedere,</span> <span class='ocrx_word' id='word_1_236' title='bbox 1706 3644 1748 3718; x_wconf 90' lang='lat' dir='ltr'>de</span> <span class='ocrx_word' id='word_1_237' title='bbox 1774 3640 1912 3742; x_wconf 68' lang='lat' dir='ltr'>praescri·¹</span> 
     </span>
     <span class='ocr_line' id='line_1_29' title="bbox 454 3732 1912 3837; baseline 0.002 -27"><span class='ocrx_word' id='word_1_238' title='bbox 454 3743 570 3836; x_wconf 92' lang='lat' dir='ltr'>ptione</span> <span class='ocrx_word' id='word_1_239' title='bbox 585 3737 775 3832; x_wconf 78' lang='lat' dir='ltr'>acquisitiuo</span> <span class='ocrx_word' id='word_1_240' title='bbox 791 3732 962 3806; x_wconf 86' lang='lat' dir='ltr'>maniselle</span> <span class='ocrx_word' id='word_1_241' title='bbox 982 3737 1193 3827; x_wconf 87' lang='lat' dir='ltr'>intelligenda</span> <span class='ocrx_word' id='word_1_242' title='bbox 1213 3734 1267 3818; x_wconf 86' lang='lat' dir='ltr'>stt,</span> <span class='ocrx_word' id='word_1_243' title='bbox 1291 3763 1354 3806; x_wconf 91' lang='lat' dir='ltr'>non</span> <span class='ocrx_word' id='word_1_244' title='bbox 1372 3739 1411 3809; x_wconf 90' lang='lat' dir='ltr'>de</span> <span class='ocrx_word' id='word_1_245' title='bbox 1429 3764 1482 3818; x_wconf 87' lang='lat' dir='ltr'>ea,</span> <span class='ocrx_word' id='word_1_246' title='bbox 1511 3766 1576 3837; x_wconf 87' lang='lat' dir='ltr'>qua</span> <span class='ocrx_word' id='word_1_247' title='bbox 1601 3744 1652 3815; x_wconf 79' lang='lat' dir='ltr'>iun</span> <span class='ocrx_word' id='word_1_248' title='bbox 1673 3768 1741 3817; x_wconf 88' lang='lat' dir='ltr'>noo</span> <span class='ocrx_word' id='word_1_249' title='bbox 1766 3742 1823 3818; x_wconf 86' lang='lat' dir='ltr'>vsu</span> <span class='ocrx_word' id='word_1_250' title='bbox 1839 3743 1912 3815; x_wconf 81' lang='lat' dir='ltr'>emit·</span> 
     </span>
     <span class='ocr_line' id='line_1_30' title="bbox 452 3833 1473 3930; baseline -0.004 -21"><span class='ocrx_word' id='word_1_251' title='bbox 452 3841 548 3910; x_wconf 87' lang='lat' dir='ltr'>titur.</span> <span class='ocrx_word' id='word_1_252' title='bbox 597 3834 736 3906; x_wconf 82' lang='lat' dir='ltr'>Accedit</span> <span class='ocrx_word' id='word_1_253' title='bbox 756 3858 861 3930; x_wconf 90' lang='lat' dir='ltr'>porro</span> <span class='ocrx_word' id='word_1_254' title='bbox 877 3833 964 3904; x_wconf 87' lang='lat' dir='ltr'>clara</span> <span class='ocrx_word' id='word_1_255' title='bbox 984 3838 1203 3929; x_wconf 88' lang='lat' dir='ltr'>Imperatoris</span> <span class='ocrx_word' id='word_1_256' title='bbox 1221 3839 1473 3907; x_wconf 84' lang='lat' dir='ltr'>ANASTASII</span> 
     </span>
    </p>
   </div>
   <div class='ocr_carea' id='block_1_12' title="bbox 800 3962 1324 4048">
    <p class='ocr_par' dir='ltr' id='par_1_13' title="bbox 800 3962 1324 4048">
     <span class='ocr_line' id='line_1_31' title="bbox 800 3962 1324 4048; baseline 0.006 -21"><span class='ocrx_word' id='word_1_257' title='bbox 800 3964 833 4027; x_wconf 91' lang='lat' dir='ltr'>in</span> <span class='ocrx_word' id='word_1_258' title='bbox 851 3965 870 4028; x_wconf 89' lang='lat' dir='ltr'>l.</span> <span class='ocrx_word' id='word_1_259' title='bbox 889 3983 937 4044; x_wconf 86' lang='lat'>14·</span> <span class='ocrx_word' id='word_1_260' title='bbox 966 3964 998 4029; x_wconf 85' lang='lat' dir='ltr'>C.</span> <span class='ocrx_word' id='word_1_261' title='bbox 1021 3965 1058 4027; x_wconf 80' lang='lat' dir='ltr'>dr</span> <span class='ocrx_word' id='word_1_262' title='bbox 1070 3962 1183 4047; x_wconf 81' lang='lat' dir='ltr'>frendit</span> <span class='ocrx_word' id='word_1_263' title='bbox 1198 3969 1324 4048; x_wconf 83' lang='lat' dir='ltr'>patrim.</span> 
     </span>
    </p>
   </div>
   <div class='ocr_carea' id='block_1_13' title="bbox 449 4078 1972 4469">
    <p class='ocr_par' dir='ltr' id='par_1_14' title="bbox 449 4078 1972 4469">
     <span class='ocr_line' id='line_1_32' title="bbox 449 4078 1913 4189; baseline 0.002 -36"><span class='ocrx_word' id='word_1_264' title='bbox 449 4078 640 4180; x_wconf 80' lang='lat' dir='ltr'>dispositio,</span> <span class='ocrx_word' id='word_1_265' title='bbox 661 4079 715 4151; x_wconf 85' lang='lat' dir='ltr'>vbi</span> <span class='ocrx_word' id='word_1_266' title='bbox 735 4104 797 4174; x_wconf 93' lang='lat' dir='ltr'>per</span> <span class='ocrx_word' id='word_1_267' title='bbox 811 4106 913 4151; x_wconf 87' lang='lat' dir='ltr'>annua</span> <span class='ocrx_word' id='word_1_268' title='bbox 936 4108 994 4169; x_wconf 88' lang='lat'>40.</span> <span class='ocrx_word' id='word_1_269' title='bbox 1020 4087 1196 4153; x_wconf 85' lang='lat' dir='ltr'>continuos</span> <span class='ocrx_word' id='word_1_270' title='bbox 1220 4081 1360 4154; x_wconf 87' lang='lat' dir='ltr'>fundum</span> <span class='ocrx_word' id='word_1_271' title='bbox 1393 4087 1661 4181; x_wconf 85' lang='lat' dir='ltr'>patrimonialem</span> <span class='ocrx_word' id='word_1_272' title='bbox 1678 4092 1858 4189; x_wconf 84' lang='lat' dir='ltr'>Principia,</span> <span class='ocrx_word' id='word_1_273' title='bbox 1873 4082 1913 4160; x_wconf 87' lang='lat' dir='ltr'>tel</span> 
     </span>
     <span class='ocr_line' id='line_1_33' title="bbox 452 4178 1916 4283; baseline 0.002 -31"><span class='ocrx_word' id='word_1_274' title='bbox 452 4178 638 4260; x_wconf 85' lang='lat' dir='ltr'>Ecclesiae,</span> <span class='ocrx_word' id='word_1_275' title='bbox 662 4179 712 4249; x_wconf 82' lang='lat' dir='ltr'>vel</span> <span class='ocrx_word' id='word_1_276' title='bbox 742 4180 1029 4269; x_wconf 84' lang='lat' dir='ltr'>agonotheticum,</span> <span class='ocrx_word' id='word_1_277' title='bbox 1047 4185 1067 4252; x_wconf 88' lang='lat' dir='ltr'>i.</span> <span class='ocrx_word' id='word_1_278' title='bbox 1086 4207 1134 4260; x_wconf 92' lang='lat' dir='ltr'>e.,</span> <span class='ocrx_word' id='word_1_279' title='bbox 1162 4181 1321 4250; x_wconf 86' lang='lat' dir='ltr'>sumtibus</span> <span class='ocrx_word' id='word_1_280' title='bbox 1352 4180 1521 4254; x_wconf 87' lang='lat' dir='ltr'>sacrorum</span> <span class='ocrx_word' id='word_1_281' title='bbox 1556 4194 1775 4260; x_wconf 87' lang='lat' dir='ltr'>certaminum</span> <span class='ocrx_word' id='word_1_282' title='bbox 1803 4193 1916 4283; x_wconf 85' lang='lat' dir='ltr'>deputa·</span> 
     </span>
     <span class='ocr_line' id='line_1_34' title="bbox 452 4274 1914 4383; baseline 0.005 -35"><span class='ocrx_word' id='word_1_283' title='bbox 452 4301 541 4357; x_wconf 89' lang='lat' dir='ltr'>tum,</span> <span class='ocrx_word' id='word_1_284' title='bbox 562 4303 637 4348; x_wconf 91' lang='lat' dir='ltr'>cum</span> <span class='ocrx_word' id='word_1_285' title='bbox 654 4278 703 4347; x_wconf 88' lang='lat' dir='ltr'>vel</span> <span class='ocrx_word' id='word_1_286' title='bbox 722 4274 786 4348; x_wconf 84' lang='lat' dir='ltr'>sine</span> <span class='ocrx_word' id='word_1_287' title='bbox 809 4278 906 4346; x_wconf 90' lang='lat' dir='ltr'>titulo</span> <span class='ocrx_word' id='word_1_288' title='bbox 928 4274 1107 4370; x_wconf 82' lang='lat' dir='ltr'>possidens,</span> <span class='ocrx_word' id='word_1_289' title='bbox 1129 4274 1269 4348; x_wconf 85' lang='lat' dir='ltr'>fundum</span> <span class='ocrx_word' id='word_1_290' title='bbox 1291 4281 1400 4374; x_wconf 87' lang='lat' dir='ltr'>quoad</span> <span class='ocrx_word' id='word_1_291' title='bbox 1422 4282 1606 4354; x_wconf 88' lang='lat' dir='ltr'>dominium</span> <span class='ocrx_word' id='word_1_292' title='bbox 1630 4286 1865 4383; x_wconf 75' lang='lat' dir='ltr'>praescripsisse</span> <span class='ocrx_word' id='word_1_293' title='bbox 1878 4286 1914 4356; x_wconf 85' lang='lat' dir='ltr'>d&#39;t·</span> 
     </span>
     <span class='ocr_line' id='line_1_35' title="bbox 452 4373 1972 4469; baseline 0.008 -23"><span class='ocrx_word' id='word_1_294' title='bbox 452 4377 555 4452; x_wconf 87' lang='lat' dir='ltr'>citur,</span> <span class='ocrx_word' id='word_1_295' title='bbox 580 4373 667 4444; x_wconf 82' lang='lat' dir='ltr'>salvo</span> <span class='ocrx_word' id='word_1_296' title='bbox 688 4399 796 4444; x_wconf 87' lang='lat' dir='ltr'>tamen</span> <span class='ocrx_word' id='word_1_297' title='bbox 825 4399 959 4444; x_wconf 86' lang='lat' dir='ltr'>canone.</span> <span class='ocrx_word' id='word_1_298' title='bbox 1011 4377 1124 4444; x_wconf 83' lang='lat' dir='ltr'>Multo</span> <span class='ocrx_word' id='word_1_299' title='bbox 1144 4382 1250 4469; x_wconf 84' lang='lat' dir='ltr'>magis</span> <span class='ocrx_word' id='word_1_300' title='bbox 1269 4425 1277 4457; x_wconf 96' lang='lat'>,</span> <span class='ocrx_word' id='word_1_301' title='bbox 1305 4378 1527 4465; x_wconf 87' lang='lat' dir='ltr'>decimarius,</span> <span class='ocrx_word' id='word_1_302' title='bbox 1551 4384 1801 4460; x_wconf 79' lang='lat' dir='ltr'>immunitatem</span> <span class='ocrx_word' id='word_1_303' title='bbox 1817 4412 1835 4461; x_wconf 79' lang='lat' dir='ltr'>t</span> <span class='ocrx_word' id='word_1_304' title='bbox 1850 4382 1920 4459; x_wconf 73' lang='lat' dir='ltr'>ded·</span> <span class='ocrx_word' id='word_1_305' title='bbox 1970 4434 1972 4463; x_wconf 78' lang='lat'>,</span> 
     </span>
    </p>
   </div>
   <div class='ocr_carea' id='block_1_14' title="bbox 326 4464 1487 4569">
    <p class='ocr_par' dir='ltr' id='par_1_15' title="bbox 326 4464 1487 4569">
     <span class='ocr_line' id='line_1_36' title="bbox 326 4464 1487 4569; baseline 0.009 -27"><span class='ocrx_word' id='word_1_306' title='bbox 326 4466 330 4473; x_wconf 82' lang='grc'><strong>’</strong></span> <span class='ocrx_word' id='word_1_307' title='bbox 449 4475 512 4543; x_wconf 89' lang='lat' dir='ltr'>mia</span> <span class='ocrx_word' id='word_1_308' title='bbox 530 4464 593 4543; x_wconf 84' lang='lat' dir='ltr'>sub&#39;</span> <span class='ocrx_word' id='word_1_309' title='bbox 607 4495 698 4545; x_wconf 87' lang='lat' dir='ltr'>certo</span> <span class='ocrx_word' id='word_1_310' title='bbox 722 4496 847 4545; x_wconf 86' lang='lat' dir='ltr'>canone</span> <span class='ocrx_word' id='word_1_311' title='bbox 869 4468 1124 4569; x_wconf 78' lang='lat' dir='ltr'>praescripsisse,</span> <span class='ocrx_word' id='word_1_312' title='bbox 1152 4472 1394 4549; x_wconf 82' lang='lat' dir='ltr'>adfirmandum</span> <span class='ocrx_word' id='word_1_313' title='bbox 1411 4480 1487 4552; x_wconf 84' lang='lat' dir='ltr'>erit.</span> 
     </span>
    </p>
   </div>
   <div class='ocr_carea' id='block_1_15' title="bbox 1764 4674 1925 4762">
    <p class='ocr_par' dir='ltr' id='par_1_16' title="bbox 1764 4674 1925 4762">
     <span class='ocr_line' id='line_1_37' title="bbox 1764 4674 1925 4762; baseline 0.05 -16"><span class='ocrx_word' id='word_1_314' title='bbox 1764 4674 1796 4762; x_wconf 84' lang='lat'>§.</span> <span class='ocrx_word' id='word_1_315' title='bbox 1825 4676 1925 4753; x_wconf 77' lang='lat' dir='ltr'>xxti.</span> 
     </span>
    </p>
   </div>
   <div class='ocr_carea' id='block_1_16' title="bbox 0 0 2396 5550">
    <p class='ocr_par' dir='ltr' id='par_1_17' title="bbox 0 0 2396 5550">
     <span class='ocr_line' id='line_1_38' title="bbox 0 0 2396 5550; baseline 0 0"><span class='ocrx_word' id='word_1_316' title='bbox 0 0 2396 5550; x_wconf 95' lang='lat' dir='ltr'> </span> 
     </span>
    </p>
   </div>
  </div>
 </body>
</html>
