4784 5550
376 643 461 742 gno
480 639 585 718 can·
604 643 633 720 1.
655 641 725 718 ut:
744 639 933 740 Junmr.
960 641 1194 718 cneum-n.
1219 642 1339 720 rans
1358 643 1642 722 eoseemon
1666 645 1733 719 oc.
1789 669 1855 740 ιη

313 833 334 874 ²·
491 847 546 914 42.
572 832 652 920 Arg.
677 852 710 899 2.
773 826 852 896 Duo
867 822 958 908 sunt,
982 849 1055 922 quee
1079 823 1281 919 restringunt
1295 826 1403 922 legem
1413 833 1519 922 'quoad
1535 829 1711 920 snbjelitme,
1735 851 1858 924 nempe

313 927 333 978 h
386 921 667 1018 preelaslinnrara,
696 923 877 1017 &pinellis
891 931 1070 1007 limitaneis,
1105 947 1141 996 ut
1163 926 1332 1017 eleganter
1353 929 1433 998 dicit
1459 933 1575 998 Bellus
1592 933 1624 998 in
1650 931 1713 1000 hoe
1734 932 1855 1024 cepit.;

313 1024 334 1066 ³
384 1019 433 1092 sed
447 1027 495 1092 lex
514 1050 545 1092 ι.
563 1033 596 1094 c.
615 1027 644 1091 ln.
663 1041 686 1090 r.
707 1047 773 1090 non
791 1019 854 1092 fuit
867 1021 1015 1092 rellriela
1032 1029 1130 1114 qetoeei
1155 1029 1273 1094 ciericos
1295 1023 1358 1096 live
1379 1050 1417 1094 en
1438 1029 1584 1119 perellate
1605 1033 1758 1108 limitata,
1792 1025 1857 1096 fiee

313 1121 327 1159 ‘⁷
379 1119 569 1212 &potestate
584 1125 770 1190 limitaneis:
797 1145 878 1211 ergo
895 1121 1005 1216 quood
1021 1120 1169 1192 Clerieos
1192 1147 1259 1192 non
1274 1121 1319 1192 cll
1334 1121 1493 1193 rellrielo.
1546 1127 1763 1195 l’eelonninor.
1797 1127 1858 1218 Ju-

374 1217 498 1290 {linieni
517 1215 661 1312 potestas
679 1219 786 1312 quoad
805 1221 952 1288 Clerieos
971 1215 1115 1290 nonfuit
1136 1223 1290 1314 inprimis
1310 1227 1468 1292 limitare:
1494 1223 1571 1316 quie
1586 1245 1738 1316 ternpore
1753 1221 1855 1317 Jullt·

369 1317 456 1386 nioni
476 1319 599 1386 Clerici
618 1314 988 1410 comprehendebantur
1011 1317 1117 1387 adhue
1138 1319 1188 1402 (al
1210 1321 1321 1410 legibus
1341 1322 1481 1408 pollices,
1514 1316 1593 1390 secut
1620 1319 1802 1390 hodienum
1822 1322 1857 1388 in

314 1437 316 1454 ¹
371 1413 504 1496 Gellia,
522 1411 592 1498 ¹erli
610 1414 659 1484 lex
675 1414 822 1484 Clericos
843 1439 907 1483 non
924 1416 1109 1484 nominarer
1125 1417 1272 1506 reomela
1302 1417 1372 1498 l'ed,
1401 1442 1442 1486 ne
1467 1418 1857 1511 comprehenderentur,

366 1511 536 1584 debebant
550 1513 681 1603 expresse
698 1517 800 1584 exenni.
849 1513 980 1607 Deinde
996 1537 1054 1581 nee
1071 1509 1275 1607 Juliinionus
1291 1513 1359 1610 ipse
1382 1515 1487 1585 voluit
1513 1515 1620 1606 legem
1643 1513 1732 1584 suem
1759 1513 1858 1584 edent

364 1611 479 1706 quoad
499 1610 652 1684 Clericus
669 1615 825 1680 limitare:
853 1611 915 1679 hoc
932 1613 1020 1679 enim
1043 1633 1117 1678 cum
1135 1613 1305 1693 ilenrico,
1333 1612 1365 1682 dt
1390 1617 1547 1682 Honorio
1571 1637 1608 1684 en
1628 1638 1668 1684 eo
1692 1609 1857 1708 prohasti,

364 1713 439 1802 qnia
452 1709 826 1808 Jnstrniannslesrevir,
868 1729 903 1776 ser
924 1732 1047 1777 canones
1068 1713 1198 1778 Parrum
1218 1714 1289 1778 mint
1313 1715 1411 1802 legnrn
1432 1713 1540 1780 ltaiere
1563 1733 1716 1803 oporteant
1741 1708 1796 1780 sed
1819 1733 1859 1778 ex
1909 1774 1911 1778 .
1995 1713 1999 1720 '

368 1807 436 1878 hoe
449 1831 515 1876 non
533 1805 695 1902 probetur
711 1805 866 1874 limitatio
881 1804 963 1896 legis
979 1807 1064 1874 ada:
1088 1828 1180 1896 ergo.
1221 1809 1330 1878 il’rsbo
1347 1813 1439 1886 rein:
1474 1811 1550 1878 Hoc
1566 1807 1787 1879 declaratione
1801 1803 1859 1878 sue

313 1989 319 2000 ·
365 1928 436 1974 noo
451 1901 622 1983 obstante,
649 1900 852 2000 Jullinianus
870 1902 978 1994 legem
1001 1902 1077 1973 tulit
1096 1903 1283 1998 publicem,
1311 1929 1348 1976 ut
1365 1905 1655 2000 Clericusjuroter
1676 1909 1709 1976 in
1733 1903 1858 1977 cohbus

365 2003 595 2076 Aurhenticae.
615 2009 677 2072 Hae
688 2005 741 2094 jes
754 2007 929 2094 porsenam.
946 1999 1031 2070 Cod.
1047 2000 1089 2070 de
1103 2004 1157 2071 SS.
1175 2000 1317 2083 Eccles„
1343 2001 1399 2074 seu
1417 2013 1510 2078 Nov.
1534 2031 1610 2073 neo.
1628 2014 1690 2098 Gap
1719 2019 1752 2076 ό.
1768 2013 1804 2085 l.
1829 2029 1858 2075 r.

367 2103 404 2176 8
425 2127 461 2172 ι.
484 2109 558 2194 cap.
579 2127 609 2178 7.
626 2108 661 2180 μ’.
683 2127 710 2170 r.
729 2099 793 2168 ihi:
817 2101 953 2188 inlernnr
967 2099 1084 2186 inscribi
1102 2099 1331 2177 inllrnenenrnnn
1345 2125 1411 2168 enen
1422 2103 1640 2190 issreinrenlc:
1667 2121 1860 2172 nronnmrnra

314 2263 315 2272 ,
366 2201 452 2290 fieri,
484 2201 519 2272 li
536 2221 601 2266 enen
617 2201 814 2308 inrep'nnmlo
831 2201 891 2270 &n
904 2197 1077 2284 jnranrilns
1091 2203 1121 2263 in
1137 2195 1228 2276 lestis
1242 2198 1422 2290 scriptoris:
1445 2205 1483 2268 C.
1499 2203 1582 2268 Non
1598 2199 1652 2267 hic
1668 2221 1859 2268 controver-

369 2319 457 2379 rem,
484 2297 803 2393 urrumjnssrninnns
823 2293 880 2362 suh
895 2295 949 2362 illa
968 2293 1039 2382 lege
1057 2292 1206 2386 publico,
1231 2319 1295 2388 que
1310 2295 1476 2364 ordinavit
1491 2297 1716 2388 juramentum
1733 2295 1860 2364 colum·

369 2397 431 2466 uiae
447 2394 629 2486 generale,
651 2399 785 2485 potnerit
798 2390 1085 2484 comprehendere
1103 2392 1271 2474 Clericos;
1296 2418 1337 2463 ne
1353 2419 1391 2462 en
1404 2418 1467 2462 uno
1484 2391 1662 2488 questione
1678 2393 1775 2488 longo
1794 2415 1859 2472 rroq
1993 2467 2006 2484 ι

370 2493 495 2564 hemur
511 2495 545 2562 in
563 2490 768 2579 longiorem:
797 2488 938 2559 transeat
958 2513 1123 2582 prensens,
1146 2491 1235 2582 quod
1254 2490 1312 2560 illo
1331 2514 1485 2586 tempore
1508 2495 1733 2584 Imperatores
1749 2489 1859 2560 credie

372 2591 502 2670 derint,
530 2587 726 2683 potestatem
745 2583 833 2657 suam
852 2586 1070 2676 legislativum
1087 2612 1151 2654 non
1169 2585 1321 2680 rellringi
1337 2588 1376 2658 od
1403 2587 1489 2658 solos
1511 2591 1599 2659 cives
1615 2591 1753 2684 imperii
1773 2595 1860 2679 laen·

372 2695 480 2762 lares(
497 2683 579 2758 ficut
596 2687 658 2756 hoc
673 2683 747 2756 saris
765 2683 992 2754 demonstrare
1008 2683 1162 2753 videntur
1184 2708 1235 2755 rot
1249 2687 1338 2778 leges
1357 2688 1499 2768 codicis,
1518 2687 1557 2756 de
1578 2689 1716 2758 novelle
1737 2683 1859 2758 consti-t

373 2790 542 2866 teriones,
570 2810 644 2880 que
665 2784 705 2854 de
722 2782 912 2879 Episcopis,
940 2784 1098 2863 Cletieis,
1127 2787 1323 2865 hlonachis,
1348 2786 1418 2854 lere·
1435 2786 1528 2871 lunt,
1556 2788 1630 2855 dico
1652 2789 1706 2857 hie
1726 2782 1858 2867 saltem,

373 2884 463 2983 quod
483 2881 689 2980 Julliuionus
706 2908 744 2951 ex
759 2884 903 2974 potestate
923 2886 1085 2952 limitaneis
1100 2880 1246 2951 noluerit
1270 2884 1557 2977 comprehendere
1579 2884 1748 2967 clericos,
1781 2870 1861 2978 quie

372 2984 486 3057 nullus
510 2980 685 3072 legislator
701 2978 914 3076 praelumitur
927 2983 1015 3049 aliens
1031 3000 1110 3049 cerro
1128 2984 1279 3048 lronrinnm
1293 2986 1399 3072 generi
1416 2982 1601 3076 precipere
1627 2980 1677 3067 id,
1714 2982 1806 3075 quod
1826 2978 1860 3050 ei

373 3084 434 3181 per
448 3078 525 3153 lues
542 3078 693 3168 regulos,
719 3076 872 3172 publice,
896 3077 1081 3171 &quidem
1098 3103 1115 3145 o
1133 3076 1291 3169 semetiplo
1317 3102 1452 3173 quoque
1472 3076 1651 3173 prohetas,
1677 3102 1742 3149 non
1757 3077 1860 3147 licere

373 3182 488 3252 novit:
517 3180 703 3257 Marciani,
727 3176 947 3272 &justiniani
965 3170 1028 3243 fuit
1044 3199 1136 3243 mens
1153 3174 1269 3245 eadem
1290 3174 1462 3247 declara
1482 3202 1540 3247 non
1557 3181 1701 3269 jurante:
1737 3172 1862 3271 polire·

375 3300 447 3349 nnus
465 3278 559 3347 enim
576 3273 738 3355 idenrice,
764 3274 843 3344 ficut
865 3278 1056 3344 Marcianus
1072 3296 1147 3341 nnre
1165 3298 1241 3343 eum
1258 3276 1290 3342 in
1306 3281 1328 3344 l.
1345 3302 1401 3357 ²5·
1412 3284 1448 3356 l.
1467 3302 1498 3344 ι.
1518 3286 1554 3346 C.
1573 3280 1767 3371 deEpileop„
1784 3298 1862 3345 con·

380 3372 480 3447 lliruit
499 3377 534 3444 in
552 3380 643 3443 Nov.
666 3400 703 3441 re
711 3397 742 3457 3.
763 3382 835 3465 cap.
858 3398 915 3445 ει.
934 3379 969 3450 n'.
990 3398 1023 3440 2.
1042 3393 1077 3440 ur
1092 3373 1260 3453 Clericus,
1284 3398 1396 3441 eornm
1410 3378 1498 3443 civili
1519 3372 1650 3466 judice,
1685 3371 1704 3441 h
1727 3369 1862 3464 Episco-

457 3467 814 3568 judicerefldillulerir,
843 3467 1079 3548 eonvenibihs,
1112 3474 1278 3539 cantionem
1300 3474 1362 3553 line
1377 3475 1576 3561 jurejurando
1601 3490 1760 3561 exponet:
1800 3490 1863 3535 cut·

378 3494 465 3644 iii?
490 3566 570 3649 nist,
603 3569 681 3663 quia
704 3564 814 3650 scirit,
852 3566 985 3635 Clerico
1006 3590 1066 3660 per
1090 3568 1240 3656 regulam
1265 3568 1513 3657 Evangelicom,
1546 3566 1792 3661 Apollolicom,
1828 3562 1862 3633 de

378 3669 590 3745 unonieem,
616 3689 682 3735 non
700 3664 801 3735 licere
819 3660 931 3759 pelhm
951 3663 1080 3757 jurore,
1114 3665 1147 3733 dt
1177 3660 1219 3734 stc
1241 3670 1399 3758 captiosam
1422 3660 1569 3733 futurem
1595 3659 1687 3733 suille
1709 3660 1864 3732 constitu·

380 3770 504 3841 donem
519 3787 676 3844 omnem,
698 3788 771 3858 quae
789 3765 821 3832 in
836 3762 969 3855 judiciis
983 3762 1199 3853 compelleret
1211 3762 1326 3857 jurare
1344 3763 1512 3845 Cleric0s3
1539 3786 1614 3831 cum
1630 3787 1667 3834 en
1687 3786 1750 3830 uno
1768 3781 1864 3856 petre

380 3862 488 3961 jurene
502 3886 571 3933 non
589 3857 732 3957 pollent,
753 3884 791 3930 ex
814 3860 916 3931 nitere
937 3856 1142 3953 lielrjocerenr
1164 3860 1292 3931 demnis
1315 3859 1497 3931 nolentium
1515 3862 1639 3952 jurare.
1705 3864 1747 3935 D,
1776 3863 1864 3927 Bene

358 3946 363 3959 ⁸
381 3960 515 4045 norelli3
536 3966 628 4031 Nou.
643 3986 681 4028 te
690 3985 721 4044 3.
743 3969 816 4048 Cap.
834 3985 888 4027 ιι.
903 3966 938 4037 ll.
957 3985 988 4028 2.
1008 3957 1095 4026 idem
1118 3960 1246 4053 quippe
1260 3956 1422 4053 disponit,
1440 3959 1530 4052 quod
1545 3956 1863 4053 dil'posuerorMar-

380 4064 496 4141 rianrts,
525 4056 814 4151 &proculdubio
837 4080 874 4124 ex
896 4055 1015 4125 eodem
1039 4057 1217 4149 principio.
1243 4055 1306 4124 Sed
1326 4055 1406 4149 quid
1423 4060 1462 4126 od
1481 4064 1572 4126 Noe.
1601 4062 1692 4129 120?
1720 4056 1746 4121 C
1785 4053 1864 4119 Sine

370 4182 431 4239 ,me
447 4180 555 4228 totam
579 4154 709 4245 legere:
735 4178 852 4225 verum
872 4149 935 4222 est:
967 4151 1169 4247 Jenlliuianus
1191 4156 1224 4222 in
1248 4151 1321 4222 colu
1341 4178 1462 4223 intente
1483 4158 1672 4223 alienationis
1699 4150 1865 4216 {tonorum

381 4260 572 4329 innobilium
589 4254 732 4339 erehfiae,
754 4252 803 4321 vel
825 4248 1035 4330 monallerii,
1062 4250 1112 4319 vel
1132 4250 1268 4320 olterius
1286 4252 1349 4320 loci
1369 4254 1434 4345 pii,
1461 4252 1567 4321 voluit
1590 4254 1794 4323 redieramus,
1830 4243 1865 4317 de

349 4394 354 4409 ·
383 4350 687 4443 usnemesjurore,
711 4347 835 4419 etiamst
853 4347 1107 4440 Metropolim,
1134 4346 1309 4444 Episcopi,
1342 4348 1488 4419 Ahhoees
1515 4345 1644 4422 forent,
1680 4362 1716 4409 ut
1739 4341 1866 4435 colligi·

384 4456 671 4542 terricrepo-l.
696 4444 858 4518 2.verli1:
884 4448 1189 4536 fivenlletnopolire.
1240 4449 1304 4517 Sed
1324 4442 1432 4517 fuerat
1449 4444 1530 4530 saltn
1543 4442 1747 4533 graeeffisnns,
1764 4465 1866 4534 quent
1926 4536 1929 4541 Ι
1979 4469 1981 4479 ·

385 4550 481 4621 roluir
500 4554 694 4640 imperator
711 4540 784 4615 fore
800 4569 918 4625 rarum,
946 4544 1071 4613 &ideo
1086 4564 1149 4611 taen
1172 4546 1320 4629 difficilem
1344 4540 1557 4635 jurisjurandi
1583 4538 1698 4631 praevii
1722 4544 1866 4609 conditio·

383 4670 444 4719 orno
459 4642 637 4743 apposuit3
665 4667 706 4717 ne
723 4640 902 4729 Rellores,
930 4642 961 4713 de
978 4644 1141 4714 oeconomi
1155 4640 1382 4720 ecclefiorunt,
1409 4658 1526 4733 utpote
1546 4658 1584 4707 er
1605 4634 1753 4708 instituto
1770 4658 1867 4725 regu·
1958 4636 1970 4649 “

431 4742 561 4823 Tomos
587 4736 679 4819 Vll.
1300 4739 1320 4805 S
1828 4730 1869 4801 1ae
