4784 5550
450 571 746 646 250.--„
907 541 1489 662 otssruun‘rto
1744 605 1806 672 22:

452 755 524 808 torn
540 727 672 812 dieunt,
703 727 736 806 in
755 753 823 826 quo
838 749 941 826 quum
958 725 1107 803 Caesarei
1123 727 1163 804 od
1186 728 1341 802 ultimum
1354 727 1607 806 catholicorum
1625 734 1815 842 monitum,

452 831 550 906 fliium
569 824 702 926 prorsus
719 833 752 898 in
771 830 880 900 iocum
896 851 969 900 voc.
989 831 1016 898 R
1031 847 1252 900 tuturost
1281 825 1457 928 respuebat
1475 827 1760 916 substitutionem,
1785 833 1838 904 r'ei

326 933 330 942 '
450 952 547 1010 rent,
570 927 669 998 verba
686 952 751 996 non
772 949 899 998 tontum
925 946 1005 998 nott
1033 929 1230 1000 Rnutotosr
1254 923 1309 998 sed
1335 952 1370 999 er
1393 945 1472 1000 nnn
1500 933 1667 1010 Cututct.
1693 929 1773 1010 nv‘u
1802 947 1838 1018 tt

449 1046 652 1104 tins'rtcnt
677 1044 876 1102 Ptttsoxnu
901 1027 1040 1096 omnino
1063 1021 1135 1096 suot
1151 1021 1295 1114 {omissae
1321 1023 1511 1098 Proieiiuit't
1532 1029 1622 1112 enim
1650 1017 1837 1116 instruttieo

449 1127 550 1200 huius
572 1123 721 1200 tenuris:¹
749 1124 813 1193 “Si
835 1122 939 1213 igitur
961 1123 1153 1194 C'othoiicur
1178 1123 1482 1220 Archiepistopus,
1517 1113 1729 1235 Episeopus,
1765 1131 1838 1198 Prtt

450 1246 531 1309 „out
544 1219 751 1312 Augussnnoe
770 1217 988 1291 Conseiiiunis
1006 1223 1038 1290 in
1062 1219 1383 1316 Archiepiseopunt,
1407 1219 1609 1320 Episcopum
1619 1231 1632 1304 ,“
1650 1225 1838 1298 Proeirtum

453 1319 550 1406 „sius
579 1321 629 1390 uei
655 1315 836 1390 Pusiuittus
857 1317 944 1390 solus
966 1321 1016 1390 vel
1035 1345 1095 1390 vno
1115 1344 1191 1391 tunt
1211 1321 1460 1414 Copitnitribut
1476 1318 1539 1397 seu
1553 1320 1693 1416 finguiit
1706 1323 1764 1404 seu
1778 1327 1838 1400 voit

452 1419 687 1514 „Religionem
704 1413 924 1512 imposterum
939 1421 1131 1508 muttriut„
1152 1443 1218 1494 ert.
1243 1423 1283 1512 r)

491 1587 529 1672 tt)
550 1585 611 1653 eit.
628 1585 701 1652 Ast.
722 1583 754 1653 P.
770 1581 825 1652 W.
849 1581 944 1649 Toto.
960 1603 1011 1650 ιν.
1036 1603 1107 1670 ptg.
1122 1595 1196 1669 958.

1134 1771 1171 1854 §.
1221 1765 1268 1840 Χ.

565 1899 721 1974 Tundern
737 1899 892 1974 oretenus
909 1899 1059 1976 Ctesorei
1073 1925 1108 1974 et
1121 1903 1248 1974 Sueeiei
1261 1913 1329 1975 'rna
1343 1927 1420 1976 eunt
1439 1903 1574 1994 Leontit
1593 1903 1769 1998 utriunque
1784 1897 1838 1976 liei

451 2000 503 2072 nis
524 1998 557 2070 in
580 2003 697 2072 vicinis
719 2001 930 2074 contionibus
951 1999 1173 2073 exsistentibus
1190 2002 1230 2072 od
1250 2004 1394 2074 inuicem
1418 2001 1559 2072 trabitur
1581 2025 1617 2074 et
1631 2005 1838 2098 Temperont

451 2099 492 2171 ob
508 2121 647 2193 utraque
666 2123 761 2193 purte
777 2099 1074 2188 interuenientibus
1097 2101 1203 2170 notice
1220 2103 1310 2172 ineo
1327 2097 1533 2198 conspirant,
1559 2125 1593 2172 vt
1615 2101 1800 2182 Cothoiirt,
1824 2127 1838 2196 t

449 2194 509 2269 fibi
524 2193 727 2268 sorisfoeiunt
743 2193 806 2266 eise
826 2199 976 2270 riderent
992 2201 1078 2268 circe
1096 2197 1354 2292 expuniiionent
1377 2224 1450 2270 voc.
1469 2201 1746 2280 Ruutotost,
1771 2225 1838 2296 quo

449 2293 634 2376 sirumento
652 2299 741 2388 pacit
763 2301 897 2389 penitus
914 2294 1058 2368 exclusos
1076 2297 1215 2377 veilent,
1240 2299 1274 2365 in
1297 2295 1562 2368 substitutionem
1585 2301 1832 2370 voethim!

450 2407 598 2473 Hier,
624 2393 715 2486 quod
748 2392 964 2464 Proteiiontes
996 2397 1108 2486 printo
1139 2397 1300 2464 Snuvu
1336 2393 1489 2465 Proiebin
1511 2396 1721 2465 inhaerentes
1745 2399 1838 2466 Ctno

449 2489 602 2584 aliosque
621 2487 835 2560 beneficiatos
855 2489 1075 2561 insirutnento
1099 2489 1239 2561 insertos
1259 2517 1438 2588 cuperent,
1465 2489 1689 2563 consentiunt:
1717 2495 1760 2564 Et
1783 2493 1838 2562 bor

451 2589 496 2659 do
510 2587 704 2680 temperetis
722 2589 823 2657 etiam
844 2589 916 2658 oiiis
935 2590 967 2657 in
991 2585 1123 2684 punbiir
1139 2589 1418 2661 declarationibus
1441 2587 1658 2660 difficillimus
1684 2591 1838 2663 Grtutni

450 2681 740 2759 ecclesiastieorum
760 2687 929 2759 Articuius
950 2686 1065 2781 dieii
1084 2691 1203 2758 Martii
1218 2685 1450 2773 subscribitur,
1477 2712 1511 2762 et
1531 2691 1577 2760 itt
1594 2685 1796 2789 subscriptor
1817 2692 1838 2760 it

450 2782 673 2858 sirumentuto
691 2786 782 2857 P-teis
798 2788 958 2879 migrauit
972 2786 1019 2878 t).

492 2920 526 2994 o>
543 2916 604 2986 cit.
623 2916 696 2984 Αᾶ.
717 2916 749 2986 Ρ.
766 2916 819 2987 W.
838 2914 936 2985 Toto.
950 2936 982 2983 v.
1003 2938 1034 3003 p.
1049 2916 1121 3000 562.
1137 2915 1199 2999 seq.

759 3309 1237 3423 Animadversto
1308 3308 1607 3420 Editoris.

451 3494 633 3669 Mirum
657 3586 733 3665 stne
750 3586 817 3677 est,
842 3590 933 3687 qood
955 3590 1021 3665 boe
1046 3616 1153 3676 tono,
1181 3612 1260 3667 eunt
1281 3584 1571 3673 tousteecidiii'et,
1598 3586 1830 3677 Gerliiacberts

450 3716 525 3768 tuto
540 3719 556 3763 o
571 3696 725 3785 Corpore
739 3693 782 3763 ito
798 3688 888 3762 disio
910 3692 1109 3783 Evangeiitb
1127 3686 1344 3788 Repreisoiitt
1364 3689 1589 3761 decernendos
1611 3690 1762 3785 petierit.
1819 3692 1838 3759 t

451 3790 508 3863 tto
525 3786 624 3887 fiquis
641 3786 748 3859 studio
764 3790 911 3883 partiunt
927 3814 992 3862 non
1011 3796 1107 3883 piune
1129 3790 1288 3885 obreptus
1303 3790 1388 3871 erit,
1412 3814 1450 3859 er
1470 3785 1545 3859 sone
1561 3810 1758 3875 argumento
1780 3790 1838 3859 cn

450 3913 589 3968 eorum,
617 3909 715 3981 ttque
732 3907 770 3956 eo
786 3890 818 3955 in
838 3886 964 3983 specie,
991 3912 1076 3979 quae
1097 3897 1269 3977 Anonymus
1284 3884 1324 3955 de
1339 3884 1522 3959 exclusione
1541 3882 1818 3977 Reiigiosorumo
1835 3886 1838 3955 1

452 4010 519 4060 tote
534 3980 751 4059 conscientiae
766 3981 882 4067 offert,
908 3981 971 4057 eise
995 3981 1174 4067 fatebitur,
1201 4007 1286 4079 quoe
1304 4007 1405 4054 toturn
1424 3986 1508 4055 hanc
1526 4008 1596 4055 retn
1621 3985 1729 4055 adhuc
1745 4008 1838 4077 quon

449 4090 539 4159 xime
553 4084 601 4155 iiii
618 4080 753 4177 quidum
769 4080 929 4163 efficiunt,
955 4086 1107 4179 quaeque
1122 4087 1220 4178 proin
1240 4079 1366 4152 nonnisi
1394 4086 1497 4153 otnico
1513 4084 1688 4179 utriusque
1713 4084 1821 4175 portis

451 4183 615 4281 positione
634 4177 720 4251 finiri
737 4205 847 4274 queat.
890 4184 938 4251 Ut
955 4182 1038 4251 nihil
1055 4182 1180 4261 dicant,
1207 4206 1291 4275 qttoe
1307 4179 1483 4251 universim
1497 4182 1537 4252 de
1554 4176 1766 4276 Repreisoiiis
1782 4181 1816 4250 in
1833 4210 1838 4249 t

453 4284 641 4375 Religionis
666 4275 768 4349 solide
794 4277 1030 4349 demonstravit
1051 4284 1123 4351 CL.
1147 4284 1272 4351 Diittu
1298 4276 1533 4350 Dissertatione
1554 4280 1618 4348 olio
1633 4279 1709 4348 loeo
1730 4276 1838 4349 unobi

452 4376 545 4465 eust,
572 4402 760 4473 aequumne
773 4381 837 4447 erit
855 4400 983 4471 purtem
1000 4402 1099 4449 unum
1114 4378 1207 4449 olteri
1227 4378 1383 4448 remediis
1396 4381 1495 4448 etiam
1512 4376 1666 4449 violentis
1683 4372 1838 4447 oditibirit

453 4478 588 4547 nionem
605 4476 692 4544 sitam
713 4474 918 4547 obtrudere?
945 4474 1098 4546 haeccine
1116 4475 1170 4547 iilo
1188 4478 1291 4547 antico
1306 4472 1520 4571 compositio,
1545 4498 1645 4572 quom
1663 4476 1726 4545 Pex
1742 4472 1777 4541 in
1792 4472 1838 4569 ejt

451 4570 488 4649 di
508 4569 738 4671 controversis
757 4595 914 4673 tunquotu
932 4576 1067 4649 unicum
1089 4574 1238 4680 medium
1253 4568 1476 4677 praescribit?
1501 4573 1594 4687 Quid
1617 4572 1728 4648 ditent
1753 4574 1838 4647 Prot
