4784 5550
526 546 533 570 Ι
1072 509 1080 552 ,
1205 507 1217 524 ,

465 665 516 740 40
698 683 707 698 .-
924 594 1500 711 ors'sr'nrrtrro
1645 567 1651 577 ’

466 816 638 897 Decimio,
662 812 754 911 quod
776 811 1058 910 nonipotniffenn
1083 811 1141 885 nili
1167 814 1316 886 Decime
1338 813 1371 884 io
1387 809 1589 910 Episcopatu
1604 812 1644 885 od
1659 811 1732 886 illos
1748 810 1956 912 speslassenr,

336 999 338 1004 ,
470 911 702 988 stc'Conradus
720 909 903 1009 Episcopus
923 920 1087 988 Wormar.
1114 939 1166 987 an.
1186 920 1290 989 rius.
1315 910 1550 983 monasterium
1571 913 1839 1004 Schinongicnse
1855 939 1874 986 a
1891 912 1961 987 sol-

329 1055 337 1074 .
471 1013 588 1084 vendis
603 1014 750 1082 Decimis
768 1014 901 1082 exemit.
926 1008 1014 1081 cons.
1031 1015 1267 1081 Serranus.
1284 1012 1317 1077 in
1336 1014 1399 1080 sod.
1416 1011 1497 1101 prob.
1517 1009 1594 1095 Hill.
1618 1017 1770 1083 Wosmor.
1782 1035 1822 1105 p.
1841 1025 1900 1090 82·
1923 1012 1960 1085 dc

444 1111 571 1210 xplura
587 1108 735 1203 exempla
751 1131 886 1179 eatenus
902 1104 989 1177 infra
1004 1130 1193 1178 occurrens.
1242 1110 1279 1175 ln
1305 1106 1487 1202 diplomate
1509 1107 1551 1175 de
1574 1132 1627 1175 an.
1658 1116 1761 1186 1268.
1789 1114 1822 1177 in
1849 1113 1960 1179 Enu-

473 1225 806 1277 csruusrusurr.
835 1211 908 1276 Coi.
936 1211 1008 1298 dipl.
1029 1212 1174 1295 antiquit.
1198 1209 1366 1295 Nordgav.
1394 1229 1427 1299 p.
1451 1211 1491 1291 56
1522 1202 1663 1285 dicitur,
1689 1206 1781 1298 quod
1806 1204 1960 1278 Ecclesrae'

473 1304 681 1402 parochiales
697 1304 738 1370 ad
754 1300 954 1396 Episcopum
970 1302 1003 1372 dc
1019 1301 1192 1372 Ecclesiam
1211 1299 1385 1371 Eichslerrt
1409 1300 1600 1371 immediate
1616 1307 1822 1395 pertineant,
1849 1292 1884 1374 dr
1903 1304 1962 1376 de·

472 1402 641 1472 elarautur
662 1398 726 1467 rllae
747 1402 912 1469 immunes
934 1425 951 1467 a
964 1401 1039 1487 jure
1062 1401 1250 1472 advocatie.
1301 1395 1485 1492 Episcopus
1505 1399 1729 1491 Wsrrceburg.
1753 1399 1960 1474 authoritate

468 1497 663 1593 *Episcopali
682 1496 840 1566 Decimus
858 1497 1029 1587 etrjusdsm
1044 1496 1263 1573 Dominicalts
1279 1497 1312 1565 in
1332 1493 1643 1566 Ratolrersdorff&
1659 1496 1799 1566 aliarum
1815 1523 1847 1569 a.
1863 1496 1961 1568 villu·

378 1626 384 1636 ·
476 1596 585 1665 larum
602 1595 755 1664 Dccimas
773 1591 978 1663 Monallerio
994 1598 1026 1663 S.
1042 1595 1218 1664 Michadlis
1235 1592 1407 1684 [lamberg.
1425 1590 1618 1673 abstulerat,
1644 1590 1698 1663 sed
1717 1596 1853 1682 cognito
1879 1594 1962 1686 legi·

477 1696 561 1763 timo
575 1692 646 1786 ejus
663 1691 739 1783 jure
761 1690 831 1759 illas
857 1688 999 1761 restituit
1018 1694 1050 1759 in
1080 1691 1216 1785 Synodo
1235 1689 1454 1780 Wi'treeburg.
1483 1714 1534 1757 an.
1557 1701 1660 1777 1169,
1684 1694 1717 1759 in
1734 1694 1957 1762 'Hamis

476 1795 583 1862 Tum.
603 1814 632 1879 3.
662 1797 750 1857 Cotrc.
760 1811 856 1878 germ.
873 1811 905 1880 p.
922 1814 980 1876 40.
1007 1813 1044 1856 ex
1061 1812 1129 1882 qun
1146 1787 1255 1856 denuo
1273 1809 1363 1880 parer
1380 1784 1562 1880 Episcopus
1576 1791 1732 1859 Decimas
1753 1784 1817 1859 succ
1829 1791 1962 1861 Dicece·

479 1882 550 1957 seus
564 1907 721 1979 tanquam
737 1884 777 1953 ad
791 1882 846 1956 sua
858 1884 934 1979 juda
950 1882 1158 1982 Episcopalia
1176 1882 1357 1980 spellanria
1371 1881 1427 1954 fibi
1442 1879 1627 1957 vindicasse.

595 2081 635 2158 In
650 2076 843 2174 Diplomare
857 2077 898 2150 de
913 2103 963 2149 an.
985 2093 1089 2170 ¹¹87·
1111 2081 1145 2150 io
1160 2084 1243 2152 Paz
1254 2098 1290 2152 11
1315 2076 1403 2163 Thes.
1427 2102 1502 2149 nov.
1528 2084 1632 2153 anecd.
1648 2085 1754 2153 Tuus.
1771 2081 1832 2149 111.
1845 2081 1882 2155 Ρ.
1898 2079 1965 2154 111.

480 2170 638 2256 resersus,
657 2178 829 2268 quomodo
845 2177 1024 2249 Udalricus
1044 2175 1181 2247 Nobilis
1204 2201 1279 2248 cum
1301 2172 1457 2245 consensu
1471 2176 1758 2271 Archi-Episcopi
1780 2175 1966 2267 salisburg.

482 2268 631 2343 fundarit
653 2271 828 2343 Ecclesiam
850 2280 883 2345 S.
920 2274 1111 2365 walburgis
1137 2273 1380 2368 parochialem,
1422 2272 1550 2342 dream
1571 2278 1721 2344 Decimis
1742 2299 1780 2344 ex
1804 2271 1965 2344 omnibus

481 2372 617 2465 praedris
631 2368 695 2438 suis
708 2371 856 2439 collesiis
871 2391 935 2441 sorr
956 2371 1189 2465 Episcopaidrs,
1215 2391 1315 2465 quam
1336 2369 1584 2465 parochialibus
1606 2376 1777 2444 Canonico
1802 2373 1982 2448 concultaw

482 2466 540 2539 bio
560 2466 728 2541 celebrato
749 2468 874 2538 ditarit.
1619 2502 1623 2514 ·

600 2660 813 2733 Bo‘cmundus
828 2658 1025 2758 Archi-Ep.
1038 2662 1174 2734 Treuir.
1192 2683 1267 2732 cum
1284 2655 1498 2731 renunciasset
1510 2658 1855 2760 ArchisEpiscoparui
1867 2664 1983 2734 Cunu-

486 2755 655 2832 Successor
668 2785 720 2831 an.
747 2766 848 2850 1367.
874 2760 959 2828 incer
982 2760 1213 2855 competentiae
1234 2758 1359 2829 reditus
1376 2758 1422 2827 illi
1440 2755 1605 2850 assignavit
1619 2764 1792 2832 Decimam
1807 2760 1969 2832 villarum

423 2871 425 2874 ’
486 2855 645 2927 Liedorff
664 2856 697 2928 dc
719 2854 930 2944 Mauuebaeh
952 2882 1027 2930 cum
1047 2857 1196 2953 ejusdcm
1219 2858 1355 2929 decimae
1376 2856 1516 2951 Juribua
1538 2855 1571 2931 dc
1597 2860 1780 2932 attinentiis
1804 2853 1990 2934 universis

486 2951 578 3035 conf.
596 2958 865 3031 Huynrnasra
879 2957 910 3028 is
932 2956 1000 3050 bist.
1015 2959 1087 3053 dipl.
1117 2959 1244 3030 Trivir.
1264 2959 1311 3028 T.
1329 2981 1361 3025 2.
1372 2975 1407 3050 p.
1429 2966 1510 3052 238.
1866 2959 1870 2962 ’

1131 3168 1161 3253 i.
1210 3165 1244 3238 X
1254 3163 1267 3238 l
1280 3163 1307 3246 Ι.

548 3292 673 3369 Etiam
689 3289 840 3368 canones
853 3290 969 3370 Medii
983 3294 1054 3367 srvi
1065 3289 1138 3391 Jus
1149 3299 1247 3370 circo
1259 3295 1426 3371 Decimus
1438 3291 1615 3394 Episcopis
1625 3294 1718 3371 clare
1731 3288 1911 3370 tribuunt.

607 3453 701 3521 Hinc
722 3452 822 3521 eriam
851 3451 884 3520 in
907 3448 1146 3547 capitularibus
1173 3449 1308 3540 Regum
1334 3446 1596 3517 Francorum&
1629 3448 1820 3519 Canonibus
1850 3447 1976 3521 soeculi

492 3548 592 3619 vni.
620 3552 678 3620 IX.
700 3549 733 3619 dr
764 3546 972 3644 sequentium
991 3548 1045 3644 jus
1064 3547 1145 3618 illud
1171 3543 1328 3643 Episcopi
1351 3545 1437 3612 eirca
1458 3543 1601 3612 decimas
1623 3546 1711 3617 clare
1733 3548 1903 3627 innuitur,
1936 3545 1976 3618 ἃ

495 3645 632 3737 quidem
653 3649 686 3716 in
703 3650 996 3719 Carr'ruanut
1013 3646 1126 3716 Caroli
1146 3650 1197 3716 M.
1213 3643 1321 3714 dean.
1348 3662 1430 3730 779.
1447 3641 1480 3708 in
1498 3642 1774 3713 Gaoaorscn
1790 3648 1977 3742 cossyra

496 3748 600 3813 Germ.
617 3767 652 3837 p.
673 3768 749 3834 543.
769 3742 958 3838 disponitur
989 3745 1067 3813 Vll.
1100 3746 1136 3812 ds
1151 3744 1287 3817 decimis,
1313 3741 1512 3826 unusquisque
1524 3736 1608 3822 suam
1625 3742 1768 3808 decimam
1790 3744 1899 3823 dones,
1924 3745 1978 3813 er·

490 3862 547 3931 que
569 3863 621 3933 per
643 3845 805 3954 jrsffiostrm
826 3843 981 3930 Postrificis
1002 3836 1019 3936 (
1031 3841 1094 3910 hoe
1115 3836 1159 3909 esl
1180 3832 1362 3929 Episcopi)
1389 3831 1615 3922 dlspms‘m'i
1651 3834 1681 3904 ἃ
1709 3838 1741 3904 ln
1767 3839 1977 3910 CM'ITUd

493 3955 603 4008 Lai-ut
624 3939 773 4034 ejusdem
791 3940 903 4009 Caroli
929 3945 981 4016 M,
1000 3937 1039 4006 ad
1057 3937 1140 4008 Salz.
1165 3959 1194 4006 a.
1220 3944 1301 4016 804.
1332 3926 1466 3997 condito
1491 3928 1578 4022 apud
1596 3933 1876 4004 Grouorsctr
1901 3936 1924 4013 l.
1941 3960 1977 4012 e.

465 4039 473 4055 “
493 4057 529 4130 p.
546 4041 627 4121 689.
641 4061 670 4107 c.
695 4061 726 4106 a.
743 4033 920 4107 statuitur:
959 4041 996 4106 de
1010 4038 1148 4121 decimis,
1171 4029 1219 4100 ull
1233 4029 1402 4116 emissus
1414 4025 1542 4112 sumni
1558 4028 1686 4115 Essl‘st‘
1700 4035 1851 4119 Baptism.
1869 4034 1906 4107 E
1923 4039 1979 4104 de·

492 4137 582 4203 ursio
594 4137 680 4224 faiis
693 4134 776 4221 fris,
797 4139 891 4225 juxis
913 4137 992 4228 quod
1014 4132 1169 4224 Episcopus
1184 4124 1272 4218 ipfirs
1295 4123 1442 4191 Pororlie
1463 4123 1672 4203 ordinaverit,
1700 4130 1876 4198 omnimodis
1886 4130 1979 4218 fisse

496 4231 621 4303 donare.
673 4234 716 4302 Er
729 4232 763 4301 in
780 4234 1079 4305 crnrrorrnr
1097 4223 1209 4297 Caroli
1225 4225 1278 4290 Μ.
1295 4218 1328 4289 dc
1345 4217 1504 4286 Ludorici
1519 4219 1567 4286 Pii
1583 4217 1624 4288 de
1637 4220 1766 4291 incerto
1781 4246 1869 4295 anno
1882 4226 1981 4323 apud

496 4325 774 4400 Gssouorscfl
799 4328 821 4401 l.
842 4354 871 4402 c.
896 4353 930 4425 p.
952 4339 1032 4407 802.
1061 4325 1143 4414 Cap.
1166 4321 1224 4389 xl.
1244 4316 1313 4386 hec
1332 4334 1452 4383 noram
1481 4313 1579 4402 digna
1599 4337 1805 4389 occurrunt:
1838 4329 1980 4415 pistris,

425 4503 428 4508 ,
494 4436 532 4492 ris
548 4446 647 4494 omres
663 4429 790 4506 Euclide
804 4453 869 4499 cum
883 4426 1000 4498 dotibus
1014 4420 1099 4490 rebus
1112 4419 1172 4503 (uis
1186 4419 1217 4482 sn
1233 4410 1363 4503 Ellswll
1382 4416 1491 4501 illl*ll
1504 4409 1649 4502 lmstm
1673 4415 1849 4503 ‘lnfistms
1881 4442 1981 4514 ‘'sl“

391 4584 393 4589 ,
495 4521 538 4588 ad
560 4525 777 4596 ordinacionem
804 4531 860 4596 vel
888 4520 1100 4613 rspofirionsm
1134 4512 1218 4600 suam
1240 4509 1354 4599 [emper
1378 4515 1549 4598 smmum
1565 4529 1574 4575 ”
1624 4505 1711 4575 &ln
1734 4515 1980 4592 C⁰N0¹1⁴¹0

496 4620 780 4694 Tugopgw
796 4623 837 4696 de
855 4647 907 4695 gn,
924 4633 1004 4709 313,
1029 4621 1106 4684 Gari.
1133 4614 1186 4677 16.
1211 4597 1498 4700 diipnfirumlfuit,
1530 4621 1567 4670 ut
1588 4599 1723 4675 decimae
1743 4632 1818 4702 quie
1837 4609 1982 4705 singulis

1805 4706 1982 4788 dabuntur
