4784 5550
481 537 751 694 nroacnr.
772 567 1186 694 nonrnrt'vonrs
1210 615 1898 730 rectrsnanocntsncsrn
1995 714 1998 719 .

430 785 629 872 sonorum,
653 792 710 886 qui
729 789 928 888 pierumque
945 794 1057 888 pretio
1073 789 1227 866 condusii
1244 794 1512 888 pruomnimodc
1526 821 1643 869 eorum
1658 795 1812 872 libertate
1825 795 1904 872 strio

430 893 489 984 ptis
503 885 569 959 suis
592 913 719 961 certare
733 889 858 971 solent,
884 896 1023 962 extremi
1039 913 1188 963 conatus.
1235 895 1386 963 Duritier
1401 917 1512 984 sutem
1536 895 1682 988 Legibus
1699 893 1831 992 scriptis
1850 900 1900 968 in·

430 989 496 1058 nise
517 987 549 1058 dr
570 991 695 1079 ingenti
721 989 799 1060 alias
821 990 1067 1066 emolumento,
1095 1014 1203 1084 eoque
1226 1008 1412 1082 perpetuo,
1445 995 1536 1086 quod
1556 1017 1658 1066 onere
1682 994 1755 1091 pusi
1771 993 1900 1091 pluries

430 1101 578 1158 centenos
598 1085 700 1156 modo
715 1110 818 1157 annos
836 1087 1038 1184 quandoque
1053 1110 1248 1160 recurrente
1266 1088 1298 1158 dr
1315 1088 1489 1171 omnibus,
1510 1091 1632 1186 quibus
1651 1090 1756 1187 potcsi
1771 1093 1899 1177 modis,
2012 1111 2015 1116 '

430 1181 571 1254 riserinri
592 1180 688 1254 soiito
709 1208 919 1281 nequaquam
941 1185 1151 1268 exhauritur,
1184 1181 1367 1281 pieniiiim'e
1391 1187 1601 1284 compensata
1624 1189 1712 1261 irrud
1736 1185 1781 1262 esi
1806 1215 1902 1262 sccu-
1994 1211 2000 1216 ·

431 1277 532 1354 finde.
581 1281 666 1362 iilud
685 1307 795 1354 tutem
812 1285 1013 1365 eruendum,
1038 1310 1100 1366 ne,
1126 1283 1217 1377 quud
1235 1285 1441 1378 aliquatenus
1466 1285 1508 1357 de
1528 1284 1558 1356 se
1582 1287 1649 1382 jam
1666 1288 1900 1362 durumvide·

434 1399 497 1464 mr,
532 1381 666 1452 aiiunde
687 1389 786 1451 eriam
807 1406 920 1453 contra
941 1381 1255 1477 omnesjusiitiae&
1278 1387 1442 1474 equitatis
1464 1388 1569 1476 Leges
1589 1387 1705 1456 durius
1728 1387 1901 1464 reddatur,
1931 1433 1937 1444 ·

435 1479 507 1574 Jore
525 1482 652 1573 quippe
671 1483 791 1550 merito
810 1480 948 1550 durttics
962 1479 1137 1550 accusanda
1157 1503 1228 1549 tum
1248 1475 1353 1561 soret,
1380 1477 1401 1551 st
1420 1488 1524 1553 cuivis
1539 1506 1606 1554 tam
1622 1479 1718 1555 stciie
1736 1509 1753 1554 a
1771 1480 1903 1579 praesta·

437 1581 750 1649 concucurrerunt
777 1578 808 1648 se
834 1575 996 1648 eliberare
1022 1574 1214 1672 permissum
1235 1575 1440 1662 censeretur,
1468 1583 1516 1652 uti
1544 1580 1623 1651 aiios
1650 1579 1901 1653 cservitutibus

431 1685 432 1690 ’
491 1672 578 1746 sartis
593 1675 674 1745 nulii
694 1677 790 1747 alteri
806 1677 956 1748 ulteriori
977 1682 1071 1747 oneri
1084 1675 1236 1747 obnoxiis
1251 1678 1448 1748 admittitur.
1499 1681 1549 1750 ita
1571 1704 1655 1750 onus
1672 1679 1778 1762 indies
1794 1702 1902 1750 accre-

477 1797 547 1853 rer,
576 1773 839 1844 emolumentum
854 1800 933 1845 tero
950 1773 1164 1846 decresceret.
1212 1777 1430 1867 contingeret
1449 1774 1542 1857 ilios,
1568 1780 1627 1871 qui
1643 1777 1700 1846 diu
1721 1777 1819 1848 tituio
1834 1800 1902 1849 me·
2007 1775 2010 1782 ’

433 1893 462 1944 re
482 1873 617 1942 iucroso
638 1867 766 1941 fruetus
784 1895 900 1942 omnes
918 1878 1064 1962 integros
1086 1889 1325 1967 perceperant,
1349 1873 1479 1945 nulium
1502 1899 1586 1946 unus
1607 1873 1744 1959 sentite,
1768 1873 1906 1945 &insu-

430 1967 529 2140 ΕΗ
554 1995 620 2039 ram
643 1969 733 2040 brevi
758 1974 921 2063 temporis
948 1969 1037 2063 ispsu
1059 1996 1124 2039 non
1153 1971 1315 2061 exigendo
1341 1995 1358 2039 s
1383 1973 1584 2042 Decimariis
1610 1972 1737 2045 excindi
1759 1970 1906 2069 possent,

478 2063 622 2140 cessores
635 2091 752 2138 eorum
769 2069 819 2139 bis
840 2064 988 2138 infelices
1002 2091 1119 2139 eurum
1138 2067 1218 2138 udio
1232 2071 1374 2138 nimium
1393 2073 1612 2162 pregravari,
1639 2092 1759 2166 utpote
1783 2070 1904 2164 quibus

430 2161 508 2238 irtus
527 2166 664 2260 quidem
680 2169 847 2257 integrum
867 2163 1061 2262 superesset,
1087 2167 1351 2238 emolumentum
1368 2191 1449 2237 vero
1471 2164 1655 2260 magnusui
1671 2191 1767 2266 parte
1788 2165 1905 2258 sepstnt

430 2263 632 2340 diminutum
651 2262 813 2339 transiret.
1824 2263 1827 2272 ’

1043 2397 1074 2486 §-
1120 2393 1291 2466 xxxr’.

542 2563 789 2638 Autoritatibus
807 2562 994 2638 Dosiorum
1016 2565 1119 2650 hanc,
1150 2589 1251 2660 quarn
1267 2589 1422 2646 tuemur,
1448 2566 1663 2662 opinionem,
1689 2585 1812 2662 preter
1826 2569 1906 2638 Car·
1939 2651 1943 2658 Ι

430 2661 573 2735 dinelcm
593 2685 650 2736 ns
676 2667 799 2736 Luca
817 2662 913 2760 supra
937 2669 964 2754 β.
988 2669 1110 2738 XXXI.
1127 2665 1315 2744 iaudstum,
1350 2688 1469 2760 parum
1491 2665 1618 2735 firmari
1635 2661 1752 2760 sponte
1770 2667 1908 2760 quidem

430 2757 591 2843 feremur,
621 2761 707 2832 &cx
730 2759 811 2835 serie
828 2761 1072 2843 celebriorum,
1104 2766 1160 2856 qui
1185 2786 1248 2857 pro
1274 2761 1407 2833 adversa
1431 2763 1596 2841 miiitrnt,
1629 2763 1726 2856 supra
1753 2762 1910 2835 recensis
1977 2763 1991 2777 ”

430 2861 518 2931 ultro
541 2860 767 2954 consequitor.
817 2864 878 2932 Sed
902 2861 934 2931 id
959 2886 1078 2958 parunt
1101 2885 1160 2930 nos
1184 2881 1353 2939 moratur,
1380 2855 1434 2929 ubi
1460 2856 1706 2953 dispositionem
1726 2864 1852 2951 Legum
1875 2862 1910 2932 dt
2045 2886 2052 2897 ·

430 2962 624 3039 Canonom,
652 2983 723 3027 tum
739 2962 982 3054 antiquiorum,
1012 2983 1081 3026 *orn
1100 2936 1344 3037 recensiorum,
1369 2956 1554 3049 anaiogism
1570 2958 1681 3055 Juris,
1700 2979 1736 3031 ac
1752 2956 1909 3026 solidiora

430 3058 653 3129 rationum&
678 3064 841 3152 equitatis
867 3081 1059 3148 argumenta
1088 3055 1182 3125 nobis
1206 3052 1381 3143 suffragari
1414 3052 1629 3127 ostendimus.
1679 3058 1911 3125 Veruntamen
1954 3128 1966 3152 ν

455 3154 636 3250 rejndtciis
659 3180 725 3225 non
741 3156 972 3245 [destituimur.
1023 3150 1229 3225 siiossriistmi
1252 3156 1342 3223 enim
1367 3154 1399 3223 S.
1419 3156 1579 3226 Rom
1595 3156 1751 3223 Romanae
1774 3154 1912 3247 Judices

430 3178 489 3329 suo
516 3254 645 3324 cricuio
667 3256 749 3323 hanc
781 3253 1010 3344 adprobarunt
1035 3258 1067 3322 in
1097 3256 1308 3323 salamantina
1337 3258 1530 3324 Decimaenun
1561 3259 1611 3321 die
1641 3278 1698 3325 24.
1723 3255 1810 3329 Febr.
1844 3259 1911 3325 Aa.

431 3354 679 3431 Mocctn‘tt.
698 3352 729 3423 dr
747 3356 779 3421 in
798 3349 1055 3421 Confirmatoria
1072 3354 1108 3419 de
1127 3368 1159 3426 8.
1177 3352 1270 3439 Maii
1288 3352 1420 3439 ejusdem
1438 3359 1501 3420 An.
1523 3354 1777 3421 MDCCLVII.
1795 3372 1910 3419 eorum

430 3454 473 3528 R.
496 3454 530 3527 P.
552 3455 595 3521 D.
614 3455 948 3533 Fnsnotranc,
973 3451 1031 3543 qui
1053 3444 1111 3541 ipst
1133 3470 1240 3517 tumen
1265 3444 1432 3518 Dosiorer
1448 3472 1514 3517 non
1534 3469 1658 3536 paucos
1679 3441 1819 3516 inferius
1843 3446 1912 3516 isu-

430 3552 528 3623 detos
553 3552 586 3618 in
611 3548 704 3617 suum
730 3550 951 3643 patrocinium
979 3568 1110 3620 uocant.
1159 3545 1383 3615 Ssismantins
1406 3547 1495 3616 enim
1522 3539 1728 3615 Universitss
1749 3545 1818 3635 egit
1848 3568 1912 3638 pro

430 3649 584 3723 Decimio
601 3642 754 3715 adversus
770 3649 830 3721 PP.
850 3644 933 3715 Ord.
950 3647 983 3719 S.
1002 3648 1036 3714 H
1049 3668 1057 3713 t
1072 3661 1294 3714 snonsntt
1323 3640 1473 3735 ejusdem
1495 3643 1646 3713 Civitatis
1671 3639 1913 3717 Salamantinae.

430 3742 599 3843 Opposita
616 3744 656 3813 ab
682 3744 732 3813 his
755 3740 818 3814 suit
843 3740 1050 3837 prescriptio
1077 3742 1308 3811 immunitatis.
1359 3736 1543 3812 Admissum
1568 3740 1724 3833 equidem
1748 3734 1813 3811 suit
1828 3743 1916 3810 Uni·

430 3844 620 3923 rersrtatcm
640 3841 896 3915 salamantinam
913 3864 1037 3939 corpus
1053 3835 1115 3912 esse
1132 3863 1196 3915 non
1219 3835 1495 3921 Eccicsasiicum,
1517 3834 1573 3911 sed
1587 3838 1719 3911 Loiccie
1736 3839 1792 3932 a),
1812 3838 1914 3911 adeo-

1157 3932 1310 4007 Bbba
1831 3934 1916 4031 'que
2043 4010 2046 4015 .

466 4114 506 4198 a)
533 4109 724 4177 Conseritur
745 4106 912 4169 Aornons
930 4102 968 4165 de
984 4100 1157 4166 Esconna.
1173 4103 1213 4167 de
1228 4100 1373 4167 Pontiiio.
1388 4098 1421 4165 &
1439 4098 1517 4185 Reg.
1536 4100 1652 4176 Jotisd.
1673 4104 1704 4167 in
1721 4102 1798 4169 siud.
1816 4108 1915 4187 gene·

519 4268 523 4275 Ι
553 4194 608 4259 rai.
630 4188 703 4273 Cep.
720 4208 769 4255 21.
785 4206 840 4270 pet
862 4200 921 4251 tot.
944 4206 1030 4249 num.
1047 4204 1118 4268 273.
1136 4184 1170 4247 dt
1185 4186 1246 4267 seq.

611 4312 724 4377 enon.
742 4308 854 4371 Meno.
870 4303 909 4367 de
924 4302 988 4377 Jut.
1006 4304 1152 4367 Academ.
1168 4304 1221 4369 lib.
1237 4324 1265 4369 1.
1285 4300 1391 4385 queest.
1401 4312 1431 4378 8.
1447 4300 1564 4383 pariter
1578 4321 1632 4383 pet
1647 4310 1709 4366 tot.

508 4384 531 4465 ¹-
617 4414 695 4477 Addi
711 4411 772 4473 huc
798 4419 934 4495 meretur
952 4409 1208 4487 promeriturum
1234 4406 1326 4470 laude
1347 4405 1428 4469 Nob.
1452 4405 1492 4467 de
1520 4401 1724 4469 Wnrnnacst
1754 4402 1920 4469 Probleme

553 4490 891 4567 Posiden-Iuridicum
912 4490 951 4550 de
972 4489 1174 4551 admittendis
1191 4488 1229 4549 ad
1254 4489 1369 4569 gradus
1389 4486 1596 4549 Academicos
1613 4486 1712 4550 Prote.
1736 4489 1788 4551 ubi
1805 4488 1871 4552 Tit.
1885 4506 1916 4554 2.

554 4579 742 4661 inqualitate
763 4574 907 4656 corporis
930 4572 1015 4634 Laici
1034 4571 1166 4654 inclytae
1180 4569 1386 4635 Univetsttati
1403 4566 1636 4649 lngoistsdienii
1653 4568 1806 4635 asserenda
1828 4578 1918 4634 totus

554 4661 620 4739 est,
647 4661 682 4725 ἃ
704 4658 872 4745 ptaescttim
889 4655 915 4728 s.
930 4672 981 4734 40.
999 4654 1082 4717 inter
1098 4653 1159 4719 alie
1176 4662 1364 4738 argumenta
1390 4649 1454 4715 hoc
1478 4647 1619 4732 alleget,
1639 4652 1726 4738 quod
1749 4656 1921 4718 edecima-

1829 4741 1921 4806 tione
1949 4762 1952 4767 ⁴
