4784 5550
449 527 603 702 4²²¹
711 533 722 632 l·
856 587 1474 672 'urssuttrnrlo

329 757 333 772 '
453 768 561 867 lolqto
581 788 682 838 onere
698 765 898 848 inherente,
926 768 1007 861 quio
1024 791 1125 836 onero
1143 789 1206 860 per
1222 789 1343 835 annum
1359 763 1471 836 habite
1488 761 1653 835 deducere
1668 760 1773 835 licecr
1788 763 1840 856 c).
1878 769 1937 841 Ae.

452 867 556 944 cedit,
582 867 670 958 quod
692 865 905 937 decimandus
933 866 1097 968 ejusmodi
1121 865 1243 962 duplex
1265 864 1480 934 commodum
1504 865 1623 933 codem
1640 887 1679 931 cx
1703 885 1790 953 egro
1807 864 1839 933 dr
1856 886 1934 937 enno

453 968 697 1064 reportaverit,
731 970 986 1061 quiergoeom
1012 963 1170 1058 pudebit,
1206 964 1329 1056 duplex
1346 966 1446 1033 etium
1462 986 1546 1031 onus
1565 959 1675 1030 subire
1703 960 1785 1054 d)'?
1820 957 1961 1035 nuso*

453 1065 608 1160 meljam
634 1067 833 1136 decimatum
860 1062 923 1144 ell,
958 1067 996 1130 ud
1020 1063 1099 1151 quid
1119 1061 1261 1131 ulterior
1282 1061 1493 1131 decimatio?
1525 1062 1612 1129 Dico
1637 1061 1751 1139 enim,
1790 1057 1928 1154 nunquid

454 1169 555 1236 crium
574 1161 671 1234 letnel
686 1165 752 1255 jam
768 1161 981 1230 commodum
1006 1157 1068 1229 stre
1090 1155 1219 1228 frudlus
1238 1162 1420 1251 percepti?
1453 1155 1511 1227 Ast
1529 1157 1650 1227 tributu
1669 1159 1774 1226 etism
1793 1181 1859 1229 non
1878 1154 1927 1230 nii

386 1289 388 1294 ·
451 1262 552 1333 semel
579 1257 845 1356 pendttntur'per
869 1262 1024 1328 annum?
1058 1261 1164 1335 Dico,
1192 1257 1366 1348 disparitas
1392 1254 1437 1325 cil
1462 1258 1549 1325 inter
1578 1252 1702 1327 tribute
1725 1253 1761 1324 dr
1781 1257 1921 1350 Deimrr,

452 1358 509 1429 illc
537 1362 658 1428 intuitu
688 1361 758 1435 rei,
799 1355 850 1424 hte
883 1358 1005 1424 intuitu
1029 1352 1200 1424 frolluum
1224 1353 1398 1423 solvuntur
1420 1353 1475 1446 c).
1525 1358 1638 1449 AEque
1662 1376 1787 1450 perum
1814 1373 1920 1439 terret,

452 1457 543 1554 quod
567 1480 665 1523 nemo
680 1477 782 1522 onere
800 1455 897 1546 pluro
915 1451 1024 1523 subire
1044 1452 1162 1522 debeor
1187 1453 1307 1521 codem
1333 1473 1487 1545 tempore
1506 1445 1524 1519 f
1530 1455 1565 1540 );
1593 1475 1670 1522 nem
1696 1451 1823 1546 duplex
1845 1473 1920 1522 eoru·

452 1554 591 1626 modum
616 1550 733 1620 eodem
759 1574 912 1645 tempore
940 1574 1137 1644 perceptum
1159 1548 1266 1643 potest
1290 1549 1323 1618 dt
1346 1549 1469 1621 hebere
1491 1549 1614 1642 duplex
1629 1575 1728 1626 onus.
1786 1553 1863 1619 Nec
1880 1557 1918 1620 rei

450 1647 539 1730 fen,
565 1674 604 1718 cn
626 1649 675 1716 bis
695 1672 833 1718 meturae
851 1644 977 1718 fuerint
994 1644 1127 1739 fruges,
1152 1672 1212 1718 nec
1230 1670 1290 1728 nc,
1316 1651 1475 1741 quonism
1498 1672 1536 1717 cx
1551 1647 1667 1718 ecdem
1688 1649 1821 1720 ratione
1840 1645 1920 1717 dtdc

449 1751 639 1819 immaturis
662 1750 802 1816 Decime
824 1747 930 1816 danda
954 1745 1007 1841 g).
1060 1755 1154 1837 Ager
1180 1743 1341 1839 stqutdem
1367 1743 1417 1814 bis
1438 1744 1557 1816 eodem
1584 1748 1617 1814 itt
1638 1769 1727 1817 cotto
1756 1742 1919 1816 seminetur
1958 1785 1961 1790 ·

450 1847 599 1917 macrior
626 1839 791 1929 efficitur,
837 1869 901 1944 per
923 1842 1127 1943 consequens
1155 1845 1364 1917 Decimttori
1386 1866 1453 1939 pro
1481 1865 1570 1915 sotto
1591 1840 1751 1940 sequente
1776 1844 1945 1916 domuum.

450 1942 561 2018 detur.

1101 2079 1135 2168 §.
1191 2073 1265 2154 IX.

566 2245 713 2320 Decium
737 2266 875 2341 quoque
898 2241 1083 2336 gressum
1110 2244 1201 2318 cello
1220 2247 1439 2319 Decimsrutn
1463 2242 1674 2343 prestatione
1697 2266 1848 2345 ponunt,
1867 2244 1919 2347 qd

449 2367 514 2439 per
536 2342 759 2436 longillimum
785 2366 839 2412 sut
863 2345 959 2434 plane
982 2345 1226 2414 immemoricle
1257 2370 1389 2440 tempus
1416 2346 1489 2417 loco
1513 2348 1730 2417 Decimcrum
1754 2350 1787 2415 io
1812 2368 1918 2418 recture

450 2466 575 2513 certam
604 2446 751 2534 pecunie
775 2445 991 2529 quantitatem
1013 2445 1219 2511 Decimctori
1244 2448 1421 2537 quotannis
1446 2443 1634 2522 solverunt,
1661 2442 1918 2540 deprehendenti

450 2541 528 2607 dein
556 2540 761 2607 Decimotori
785 2539 816 2604 se
844 2540 877 2603 in
906 2541 1090 2628 quantitate
1120 2543 1347 2634 maximopere
1379 2536 1555 2621 fraudari,
1595 2541 1747 2635 adeoque
1773 2545 1918 2613 Decimus

449 2634 522 2705 suos
549 2640 581 2704 in
609 2659 723 2703 nature
750 2637 891 2724 exigenti
913 2634 945 2712 se
968 2658 1169 2728 opponunt,
1204 2663 1269 2707 non
1294 2639 1520 2718 attendentes,
1553 2641 1709 2708 Decimus
1736 2640 1779 2710 de
1797 2639 1919 2732 jureiu

450 2753 568 2803 nutura
592 2732 731 2825 dcb'eri.
771 2733 922 2829 adeoque
947 2732 979 2804 dt
1007 2736 1039 2802 io
1063 2757 1179 2806 nutura
1209 2733 1408 2827 solvendas,
1435 2760 1488 2806 rec
1511 2737 1601 2807 enim
1623 2738 1733 2808 omnis
1763 2761 1807 2809 eo
1826 2738 1919 2811 modo

450 2828 631 2913 soluendo,
659 2855 728 2926 quo
750 2830 881 2915 debitc3
902 2831 999 2927 'quod
1027 2854 1138 2903 eutem
1164 2839 1304 2930 pecunie
1337 2836 1411 2904 loco
1437 2858 1552 2905 etrum
1576 2832 1708 2928 sumpte
1736 2831 1922 2917 fucrit,·ex

356 3000 358 3005 ,
443 2930 612 3015 procidenti
635 2925 727 3012 fuit,
760 2956 797 3001 re
824 2931 892 3025 ipl'u
918 2955 1026 3001 tomen
1053 2928 1172 3000 solutio
1196 2931 1308 3002 debite
1328 2930 1374 3003 eil
1397 2929 1505 3026 ipsum
1536 2931 1686 3003 debitum
1709 2928 1921 3007 Decimtrotu

451 3052 490 3099 er
513 3027 589 3123 ipsis
613 3024 788 3101 frullibus.
809 3033 840 3115 o)
889 3036 966 3100 Nec
989 3030 1087 3098 ctiam
1101 3032 1206 3123 *prior
1228 3027 1351 3122 speeies
1376 3030 1486 3100 deluto
1505 3053 1622 3124 utpote
1640 3033 1805 3123 regularis
1825 3032 1922 3103 &or-

346 3184 355 3211 ,
451 3126 946 3218 dinariounquomcmittitttr.
976 3128 1014 3215 n)
1069 3128 1229 3208 Accedit,
1257 3127 1345 3220 qnod
1374 3126 1921 3223 redijutcsu0‚ettlgcndividc·

452 3225 528 3293 licet
551 3226 705 3293 Decimus
731 3225 762 3290 in
792 3249 925 3303 nature,
952 3229 998 3293 uti
1023 3225 1072 3294 vel
1099 3251 1162 3293 non
1182 3229 1250 3306 uti,
1278 3223 1418 3294 lltcclus
1435 3251 1534 3295 nterae
1556 3222 1740 3310 facultatis,
1765 3232 1817 3300 cui
1835 3229 1917 3299 nullo

450 3346 597 3414 unquam
624 3344 801 3413 tempore,
840 3322 963 3416 absque
995 3318 1199 3393 recusatione
1221 3320 1285 3394 five
1311 3323 1573 3394 contrudiclione
1604 3324 1636 3393 dr
1664 3331 1824 3417 patientie
1848 3327 1916 3397 huic

451 3444 565 3492 contra
591 3414 728 3491 diilioni
755 3418 980 3514 acquiescente
1006 3416 1243 3516 prescribitur.
1269 3421 1305 3512 c)
1354 3421 1455 3495 Unde
1479 3426 1606 3494 corruit
1623 3429 1834 3521 precipuum
1856 3425 1916 3494 nli·

1873 3541 1913 3592 ter

491 3684 525 3759 c)
548 3684 656 3746 Ordin.
677 3684 795 3749 Decim.
812 3682 1057 3747 BERTHOLDI
1076 3685 1129 3748 cit.

490 3803 530 3881 d)
548 3804 624 3879 Arg.
642 3804 676 3863 C.
695 3826 745 3882 55.
770 3807 799 3864 in
817 3809 847 3868 (t.
893 3808 1104 3867 Ancunrtnn.
1127 3778 1211 3868 conl.
1229 3821 1299 3886 217.
1322 3804 1362 3869 N.
1386 3824 1416 3886 4.
1434 3804 1507 3867 ubi:
1540 3803 1609 3868 Non
1631 3805 1669 3889 ιβ
1680 3803 1849 3887 serendus,
1869 3803 1909 3888 qui

563 3888 628 3945 unu
645 3889 844 3957 commodum,
867 3885 905 3950 t&
918 3909 977 3948 non
993 3893 1056 3949 uult
1066 3887 1178 3968 sentire
1190 3905 1277 3952 otrus.

490 4007 527 4088 e)
550 4006 692 4068 illuvies
706 4026 734 4085 p.
754 4025 783 4085 9.
803 4005 899 4067 Decii.
913 4008 963 4089 67.
980 4007 1018 4070 N.
1033 4029 1064 4090 7.

490 4123 527 4203 f)
549 4123 581 4185 L.
602 4124 623 4184 fi
642 4143 711 4183 cum
735 4122 853 4184 dotem.
875 4124 905 4186 il.
930 4125 984 4187 sol.
1007 4127 1140 4186 matrim.

491 4247 533 4320 g}
556 4242 689 4301 (luuru.
712 4232 842 4302 Ductor.
862 4239 1227 4302 Ilisso-Dnuntsrno.
1253 4236 1343 4317 1695.
1368 4233 1401 4315 ὃ.
1427 4253 1475 4299 11.

489 4378 522 4427 e,
548 4361 689 4421 liturus
713 4379 741 4438 p.
764 4376 793 4420 c.
818 4354 908 4423 decis.
931 4376 980 4439 70.
1002 4358 1040 4421 N.
1063 4379 1093 4436 q.

488 4480 527 4559 b)
550 4478 722 4539 unt-:nonu
747 4479 807 4539 loc.
831 4477 883 4537 cit.
907 4474 947 4538 N.
967 4486 1017 4545 82.

493 4601 525 4672 c)
547 4593 679 4667 Tmou.
708 4597 747 4659 de
769 4607 842 4662 retr.
870 4612 966 4659 conv.
1000 4590 1033 4674 ὃ.
1055 4613 1082 4657 1.
1108 4590 1151 4674 gl.
1175 4610 1204 4658 1.
1229 4590 1269 4657 N.
1291 4607 1341 4656 21.
1371 4588 1547 4659 ‚Pnnonun
1572 4585 1605 4648 itt
1626 4582 1661 4649 C.
1682 4586 1770 4668 quod
1791 4577 1913 4733 ttirpppl:
