4784 5550
455 625 526 708 308
891 597 1534 688 utsssstt'uuuto

453 800 798 869 Tuonnrsruus
818 790 875 882 b),
902 791 1202 879 Essemusc)
1228 783 1591 885 Voctraesunrprime
1611 809 1748 882 preces,
1780 809 1915 862 nontu·

454 919 546 978 tuns,
580 887 750 1005 quodnsub
778 891 887 1003 prima
910 890 1097 998 Regiminis
1120 884 1261 984 suscepti
1285 886 1428 1004 auspicia
1452 891 1655 1003 plerumque
1675 887 1750 958 illus
1769 887 1920 1004 dirigere,

450 989 868 1171 illillltlll
877 1034 888 1166 ξ
920 986 1292 1159 llllltlflll
1307 983 1815 1181 llllllllltllll
1823 987 1927 1160 lili

449 1192 567 1270 xlii..
593 1209 689 1256 more
704 1183 821 1254 iridem
843 1180 1063 1265 Pontificum,
1088 1183 1121 1252 id
1138 1182 1347 1264 extulerunt,
1373 1183 1454 1267 dum
1475 1183 1515 1252 ad
1533 1187 1707 1278 entiquam
1726 1183 1760 1253 u
1782 1185 1926 1256 insetctt·

314 1367 317 1372 ,
450 1308 520 1358 tem
536 1280 808 1355 consuetudinem
828 1304 1053 1376 provocarunt
1077 1281 1136 1370 ti);
1171 1283 1241 1351 imo
1267 1280 1300 1350 lit
1321 1284 1597 1354 comminationes
1615 1304 1652 1352 ae
1668 1278 1861 1354 sanctiones.
1874 1306 1925 1377 pu·

451 1383 544 1454 nales
570 1380 781 1451 addiderunt.
808 1377 842 1467 t)
869 1384 928 1448 Ne
953 1381 1055 1472 igitur
1080 1401 1245 1474 perpetuo
1269 1381 1531 1449 Ordinariorum
1551 1379 1688 1450 collutio
1708 1374 1926 1477 intpcrlitafu·

452 1503 526 1561 ret,
551 1501 739 1570 congruum
757 1479 894 1545 omnino
921 1471 1007 1560 fuit,
1040 1500 1074 1545 ut
1097 1500 1207 1549 certus
1224 1479 1322 1546 crinrn
1344 1479 1395 1546 iris
1415 1478 1576 1547 terminus
1596 1473 1853 1572 pra-figeretur,
1877 1477 1924 1572 qui

450 1574 565 1650 rursus
586 1577 678 1646 idern
706 1571 948 1669 provisionibus
974 1572 1149 1669 Papalibus
1174 1573 1283 1670 quoad
1301 1570 1463 1645 Beneficio
1485 1599 1547 1669 pet
1567 1573 1698 1646 obitum
1714 1577 1749 1646 in
1767 1577 1870 1648 Curia
1883 1599 1925 1648 tt·

449 1677 557 1748 cauria
576 1673 656 1744 alias
677 1669 832 1768 prefixus
858 1675 1045 1743 communis
1061 1671 1211 1742 redditus
1230 1668 1294 1743 fuir
1314 1672 1406 1745 hisce
1419 1671 1581 1766 precibus
1601 1669 1783 1756 essarris,
1809 1695 1847 1744 ut
1862 1669 1926 1746 iude

450 1774 594 1845 maxima
610 1793 726 1842 earum
742 1793 817 1840 curn
833 1766 1056 1840 reservatione
1071 1772 1163 1865 Juris
1180 1773 1367 1840 communis
1385 1769 1535 1861 analogia
1550 1793 1615 1840 non
1634 1765 1749 1867 inepte
1767 1767 1926 1852 inferetur,

451 1893 491 1943 ex
517 1893 583 1964 qua
607 1867 741 1939 &illud
766 1862 979 1938 inferendum
1000 1868 1139 1939 ulterius
1163 1866 1319 1947 ridetur,
1353 1867 1472 1965 quod,
1507 1865 1586 1939 sicut
1611 1868 1722 1940 llullas
1750 1865 1924 1942 Pontificius

479 1965 651 2040 revisionis
670 1962 770 2056 super
793 1962 964 2036 lieneficiis
981 1967 1020 2050 ,in
1040 1968 1140 2036 Curia
1159 1989 1221 2060 per
1244 1968 1373 2037 obitum
1396 1966 1587 2037 vacantibus
1609 1969 1695 2038 intra
1711 1972 1878 2058 integrum
1894 1965 1925 2036 il·

451 1991 523 2138 rum
541 2060 688 2136 mensem
706 2059 860 2133 infinuari
878 2058 996 2134 sufficit
1014 2062 1205 2158 adplenum
1229 2061 1443 2134 institutionis
1463 2061 1620 2136 cilcblum
1636 2061 1877 2144 obtinendum,
1897 2059 1924 2142 ἃ

445 2160 627 2237 inlinuetin
644 2162 713 2233 haec
730 2161 806 2231 licet
823 2158 988 2258 posterior
1001 2162 1218 2257 precipitare
1235 2161 1267 2232 u
1283 2184 1447 2234 attentatae
1467 2167 1561 2258 ptius
1578 2161 1754 2234 Ordinatii
1771 2160 1923 2234 collationi

450 2257 607 2358 praeferri
625 2285 660 2331 ac
674 2256 854 2356 praetalere
871 2257 988 2352 debet,
1014 2261 1059 2330 ita
1076 2263 1175 2329 etiam
1189 2257 1363 2330 insinuatio
1380 2263 1421 2329 Di
1451 2261 1582 2330 lustratis
1598 2262 1786 2357 primarum
1800 2263 1922 2332 Precuut

452 2354 594 2430 Caesarei
614 2363 699 2428 inrru
717 2354 862 2428 menlem
883 2355 978 2426 illurn
992 2357 1210 2449 receptationi
1229 2353 1401 2452 praefixum
1416 2283 1504 2428 gap
1521 2355 1683 2428 sufficiens
1697 2356 1842 2439 censeri,
1867 2363 1921 2428 imo

456 2455 695 2529 &collationis
711 2452 805 2523 ulteri
834 2456 959 2525 interea
978 2455 1071 2543 prius
1090 2449 1185 2522 futlae
1205 2453 1475 2526 retrailatiunem
1492 2459 1626 2551 operari
1643 2455 1773 2532 debent.
1824 2455 1921 2548 Hujus

455 2553 646 2644 argumenti
674 2552 741 2620 virn
765 2555 939 2646 Jus‘rus
973 2554 1221 2624 eleusino.
1252 2557 1474 2624 Boutrttsu
1503 2557 1616 2648 paucis
1643 2554 1755 2625 serbis
1780 2558 1823 2625 itu
1849 2552 1922 2624 uelut

455 2673 525 2723 uno
542 2651 575 2721 in
590 2671 706 2746 pugno
719 2645 975 2747 comprehendit
988 2646 1029 2739 f)
1055 2644 1247 2733 ..effectum
1269 2675 1351 2724 vero
1366 2675 1444 2724 tunc
1466 2649 1602 2727 uenum
1617 2651 1885 2750 habenrprects.
1902 2645 1921 2720 l

1721 2790 1731 2799 ·
1880 2768 1922 2823 m

498 2885 536 2970 b)
557 2881 606 2949 De
626 2880 796 2966 Disciplina
810 2886 877 2981 vet:
895 2860 1026 2946 &nom
1039 2878 1119 2945 Part.
1138 2879 1180 2946 ll.
1198 2879 1264 2945 Lib.
1285 2879 1310 2945 I.
1329 2877 1404 2964 Cap.
1423 2878 1507 2950 LIV.
1607 2916 1610 2922 -
1831 2774 1880 2836 ”u

498 3019 529 3103 t)
550 3016 614 3092 Jut.
633 3015 750 3081 Eccles.
768 3012 914 3081 Univerl.
930 3011 962 3080 P.
978 3012 1020 3080 ll.
1039 3010 1106 3079 Tit.
1125 3012 1231 3079 XXV.
1249 3010 1323 3094 Cap.
1339 3010 1398 3076 IX.
1536 3082 1540 3089 ,

494 3174 536 3257 a)
560 3170 645 3236 κω),
669 3170 694 3234 l,
710 3169 831 3234 Lirem
846 3162 986 3226 referunt
1001 3162 1118 3228 Clarill.
1136 3162 1175 3229 D.
1192 3163 1432 3229 Wilunrwurn
1448 3162 1567 3229 Snbfid.
1584 3164 1724 3247 Diplont.
1740 3164 1781 3234 Τ.
1802 3166 1842 3232 ll.
1860 3186 1885 3231 u.
1898 3161 1921 3228 l.

466 3286 470 3293 ·
573 3253 777 3315 Lun'rcrsrus
800 3253 830 3313 iu
848 3245 944 3306 Arch.
965 3249 1043 3326 lmp.
1062 3246 1140 3310 l’att.
1161 3246 1241 3313 Gen.
1255 3247 1351 3311 Cout.
1368 3248 1409 3309 ll.
1425 3268 1496 3328 pag.
1514 3261 1564 3327 84.
1586 3268 1657 3329 quae
1674 3251 1918 3316 consuetudines

570 3335 652 3399 hauc
665 3337 708 3398 its
724 3333 885 3402 adserunt,
909 3340 944 3390 ut
957 3327 1115 3393 Ordinarii
1132 3326 1245 3393 Preces
1261 3330 1427 3393 admittere
1442 3340 1612 3395 tentantur.

494 3481 526 3565 e)
555 3480 681 3548 Similes
706 3482 979 3548 comminationes
1005 3480 1240 3547 Arauurunrl
1266 3482 1455 3546 Runor.nrtr
1478 3480 1577 3546 filiurn
1598 3481 1659 3575 jam
1686 3480 1853 3547 inteutalle
1868 3479 1917 3542 iuo

569 3567 710 3646 ejusdem
730 3566 910 3646 Diplomatn
932 3566 1094 3630 testantur.
1138 3566 1244 3629 Unum
1262 3568 1299 3625 sd
1316 3564 1546 3632 W1euotutrnr
1566 3564 1681 3627 Colon.
1703 3560 1921 3646 Archi-Epist.

568 3649 665 3710 refert
683 3646 921 3712 Wilnnuwsru
941 3650 1003 3711 loc.
1024 3650 1078 3711 cit.
1098 3647 1160 3710 ibi:
1190 3648 1396 3726 Nequeuntes
1412 3651 1509 3727 igitur
1526 3660 1656 3728 propter
1669 3645 1849 3727 aliquorum
1865 3660 1919 3729 pet·

568 3732 716 3792 tinaciam
734 3728 805 3812 {yut
823 3732 960 3815 nostrum
984 3728 1023 3795 Θ
1040 3734 1163 3811 imperii
1186 3732 1453 3811 praetermittere,
1484 3742 1549 3792 tuae
1566 3730 1675 3791 demtis
1693 3728 1864 3793 linceritsti
1879 3726 1920 3790 tub

569 3812 703 3873 obientu
721 3814 832 3891 gratiae
850 3814 965 3878 nostrae
988 3814 1182 3875 authoritate
1200 3813 1296 3894 Regis
1312 3814 1344 3874 in
1366 3813 1539 3885 Mendetis,
1560 3824 1716 3890 quatenus
1737 3822 1803 3875 tana
1822 3811 1921 3875 authu·

568 3895 664 3956 ritate
684 3905 738 3953 tua
756 3893 940 3969 ordinaria,
970 3914 1063 3978 quarn
1081 3896 1173 3958 uobis
1193 3892 1407 3981 pro-iuribus
1426 3894 1539 3957 uostris
1554 3890 1586 3955 δι
1601 3892 1729 3973 Imperii
1747 3894 1922 3957 conservan-

570 3976 620 4038 tlis
635 3976 772 4056 petimus
786 3978 956 4057 impertiti,
985 3998 1077 4058 qnam
1100 3979 1194 4040 etiam
1217 3975 1411 4038 authoritate
1427 3978 1530 4051 repis,
1555 3989 1591 4037 ut
1607 3975 1744 4056 lingulas
1763 3976 1924 4042 Ecetefitn

569 4057 732 4138 Collegit,
752 4058 962 4141 perlonssque
976 4058 1137 4122 saeculares
1155 4073 1220 4122 tuae
1240 4056 1429 4121 civitatis&
1447 4056 1587 4120 dioetesrs
1605 4058 1633 4119 se
1654 4057 1770 4120 nostris
1791 4058 1924 4123 Precibus

569 4140 643 4213 Jure
666 4138 787 4201 fulcitis
810 4144 1064 4214 contumaciter,
1095 4154 1131 4202 ut
1161 4142 1383 4222 praemittitur.
1415 4154 1632 4221 opponentes,
1667 4142 1730 4203 viis
1756 4141 1790 4203 δι
1810 4143 1925 4208 morlia,

570 4223 684 4305 quibus
703 4239 809 4283 earum
831 4224 965 4286 videaris
983 4224 1053 4285 fore
1069 4226 1271 4304 pertinaciam
1289 4222 1412 4285 facilius
1429 4224 1681 4303 resumendam,
1711 4219 1930 4303 compelles&

569 4305 700 4369 inducas
714 4302 776 4369 &c
797 4305 942 4367 Alterum
955 4308 992 4365 srl
1008 4307 1186 4385 C.rpitulum
1209 4305 1459 4383 Aquisgranense
1473 4325 1556 4365 anno
1572 4303 1742 4371 lllCCCVl.
1756 4308 1867 4370 datum
1881 4327 1932 4369 ux·

569 4386 659 4450 hibet
674 4387 844 4451 Genusus
860 4387 938 4452 eou.
956 4387 1093 4469 Diplom.
1111 4387 1207 4451 Tum.
1233 4386 1274 4450 ll.
1291 4406 1363 4469 pag.
1382 4400 1454 4468 980.
1499 4387 1651 4465 Alioquin
1670 4386 1746 4451 scire
1767 4392 1934 4467 poteritis,

570 4470 657 4547 quod
683 4479 881 4533 contemtum
907 4470 1089 4533 librabinrus
1109 4490 1167 4552 pro
1184 4481 1367 4541 contemtu,
1399 4471 1432 4531 δι
1457 4468 1664 4532 nihilomiuus
1681 4473 1750 4532 vias
1768 4470 1802 4533 δι
1822 4472 1935 4537 modos

570 4553 848 4632 excogitabimus,
871 4570 927 4634 per
938 4571 1021 4634 quos
1034 4552 1114 4627 hoc,
1136 4552 1221 4635 quod
1236 4554 1390 4635 petimus,
1412 4553 1557 4617 ordinare
1572 4571 1636 4618 vos
1652 4554 1833 4637 continget.

501 4690 538 4778 Ι)
561 4687 634 4759 lust.
647 4690 711 4768 Jut.
725 4695 802 4762 Cau.
818 4697 887 4768 lib.
900 4695 959 4769 Ill.
975 4696 1042 4766 Tit.
1057 4696 1131 4767 Vll.
1146 4696 1179 4763 δι
1196 4696 1286 4768 VllI.
1303 4697 1329 4784 l.
1343 4695 1449 4766 XXII.
