4784 5550
549 603 645 724 iii
793 577 1825 706 uuriitriootscuiisivn
1976 665 1981 672 .

549 810 709 910 quonium
724 811 791 884 ideo
816 761 958 891 diciiur,
983 825 1060 880 euin
1077 825 1143 875 noti
1166 800 1533 900 essecompellendum,
1556 805 1630 898 grie
1650 796 2038 916 settnlttntettlessestiter

551 911 793 1082 marafim
806 913 916 1005 jurare
939 931 996 980 ron
1017 903 1134 1002 potest:
1157 927 1241 998 ergo
1261 925 1445 1002 utrumque
1470 903 1612 986 dieitur,
1644 925 1706 1040 nee
1727 893 1842 1000 posse,
1869 923 1934 973 nee
1957 921 2037 994 engi

593 1253 596 1266 ,
725 1227 783 1290 44.
835 1205 873 1273 C.
888 1195 986 1270 Essne
1001 1219 1082 1291 ergo
1096 1197 1325 1290 juramentum
1340 1200 1499 1277 romalii,
1522 1215 1560 1268 ut
1573 1193 1713 1268 clericus
1734 1217 1800 1266 non
1813 1195 1906 1290 juret
1920 1191 2035 1264 licite?

553 1305 681 1374 Nonne
695 1300 741 1372 est
757 1309 842 1371 elius
859 1305 1028 1390 roligionis,
1056 1295 1244 1389 eujusmodi
1261 1295 1313 1365 vel
1331 1297 1474 1364 monime
1494 1291 1611 1365 decerit
1630 1295 1796 1366 clericor?
1820 1295 1879 1372 Et,
1906 1287 1930 1361 li
1951 1297 2033 1362 lritir

519 1469 525 1482 ,
552 1401 667 1495 jurare
690 1399 806 1480 liceat,
831 1396 949 1491 quidni
976 1395 1007 1464 dt
1032 1389 1170 1464 clertttts
1196 1415 1272 1462 eum
1296 1391 1447 1462 dollrioo
1464 1392 1634 1484 Evangelii
1658 1390 1700 1464 de
1723 1389 1863 1488 fimpliei
1882 1385 2035 1462 sermone

554 1522 617 1594 per
630 1499 685 1579 ell,
710 1501 773 1584 elli
799 1519 873 1574 riori,
899 1518 978 1562 nort:
1004 1512 1070 1562 rom
1095 1487 1131 1560 fit
1146 1513 1209 1585 pro
1231 1494 1332 1572 loiris,
1355 1513 1455 1585 quem
1471 1513 1536 1585 pro
1557 1491 1681 1560 tleiitir.
1729 1493 1778 1562 D.
1792 1485 1885 1560 nbfii
1905 1487 2034 1570 dicere,

557 1596 649 1691 quod
664 1593 888 1688 juramentum
906 1587 942 1659 sir
957 1615 1004 1658 trs
1019 1595 1117 1662 rnrlri
1142 1611 1218 1657 nim
1234 1591 1344 1669 Deus,
1371 1588 1403 1658 dt
1424 1587 1591 1657 Dominus
1605 1585 1734 1669 noller,
1759 1587 1790 1658 dr
1809 1585 1880 1682 ejue
1895 1581 2035 1681 Apollo·

425 1703 427 1708 '
556 1693 629 1780 lus,
657 1693 869 1762 'urererumt
894 1688 971 1758 hine
994 1689 1127 1759 Jttrtili.
1143 1711 1176 1768 5.
1204 1708 1269 1756 non
1288 1685 1428 1756 dicitur:
1453 1687 1533 1778 quod
1553 1691 1598 1754 liis
1617 1689 1820 1756 abundantior
1837 1683 1900 1776 eli.
1924 1687 2037 1754 inaltttr

555 1791 616 1878 eli,
645 1719 717 1870 sed,
742 1792 858 1858 entitlo
879 1786 931 1872 est.
959 1787 1042 1880 Cep.
1073 1791 1128 1861 26,
1158 1783 1200 1852 de
1221 1781 1295 1876 jure
1314 1785 1382 1874 jur.
1406 1807 1427 1850 it
1447 1787 1544 1862 malo,
1570 1784 1725 1878 inquom,
1756 1806 1823 1853 noti
1843 1802 1912 1852 toni
1934 1787 2036 1876 tttlpe,

557 1911 660 1982 quom
678 1910 780 1978 pune,
805 1907 865 1954 nee
884 1884 1104 1962 exhibentium,
1129 1877 1184 1950 sed
1199 1887 1381 1974 exigentium
1394 1879 1600 1972 juramento:
1626 1880 1751 1950 melum
1768 1882 1834 1952 linc
1851 1877 1898 1952 est
1914 1881 2040 1968 infirmi·

560 2007 611 2058 rer
626 1985 813 2070 diffidentie,
840 1981 871 2052 dt
890 1983 1130 2058 incredulitatis,
1152 1979 1205 2048 rui
1221 1976 1631 2070 medeturjurrmentum:
1659 1978 1692 2048 id
1711 2001 1839 2058 eutem,
1865 1977 1959 2072 quod
1974 2001 2040 2052 noti

559 2085 743 2178 quaerirur,
769 2081 885 2172 nister
903 2079 1141 2168 {obveniendum
1164 2075 1357 2168 infirmitati,
1379 2080 1434 2148 vel
1457 2075 1606 2168 destlltti,
1632 2099 1698 2148 uoti
1720 2073 1767 2148 est
1788 2100 1841 2170 get
1853 2075 1887 2166 se
1901 2097 2041 2170 appeten·

559 2187 652 2262 dunt,
674 2176 754 2252 sicui
772 2175 895 2248 ennsler
919 2176 952 2244 in
974 2175 1152 2246 medicine.
1176 2181 1210 2246 S.
1237 2177 1367 2245 Tlromet
1390 2199 1423 2247 ι.
1442 2199 1474 2242 ι.
1497 2171 1596 2264 orell.
1616 2189 1673 2258 to.
1696 2197 1757 2244 ert.
1772 2199 1806 2256 5.
1828 2175 1863 2244 in
1881 2179 1938 2266 Θ.
1986 2171 2042 2247 Eli

563 2278 701 2376 quidem
714 2277 940 2372 juramentum
956 2279 1039 2342 ollito
1060 2276 1229 2364 religionis,
1254 2268 1307 2341 sed
1320 2293 1441 2364 propter
1460 2276 1624 2364 periiultitn
1636 2269 1719 2362 cestu
1732 2271 1799 2342 noti
1820 2271 2042 2366 oppetendun

564 2371 750 2474 porcillime
772 2371 985 2444 exercendus.
1032 2372 1143 2447 Hinc,
1169 2392 1238 2463 quo
1256 2365 1500 2460 religiosiores}
1524 2369 1644 2450 honio,
1670 2393 1711 2440 eo
1725 2371 1830 2463 megin
1851 2371 1934 2440 viror
1952 2369 2043 2465 jure·

564 2495 695 2556 mentn3
721 2495 796 2543 eum
821 2471 934 2562 ireque
948 2467 1069 2538 cleriei·
1086 2469 1187 2536 vitum
1205 2463 1446 2556 religiosiorem
1459 2463 1698 2562 profiteantur,
1723 2491 1824 2562 quoni
1842 2467 1938 2546 laici,
1966 2467 2043 2540 illoe
2073 2523 2079 2533 .

561 2571 658 2642 decet
672 2573 768 2639 odlitu
784 2570 884 2637 ttrittr
899 2565 1030 2658 jurare.
1057 2587 1156 2660 quoni
1175 2563 1287 2634 loicos.
1337 2563 1503 2658 Equidem
1524 2587 1588 2659 pro
1602 2565 1652 2634 tiis
1671 2588 1808 2661 quoque
1823 2561 1870 2635 esl
1888 2561 2044 2640 doario·

561 2668 756 2758 Evangelii:
782 2669 876 2734 nolite
885 2668 1009 2754 juranti
1025 2658 1078 2732 sed
1092 2662 1261 2754 perstitiori
1278 2665 1363 2732 inodo
1380 2659 1582 2732 observande
1598 2684 1660 2757 per
1674 2663 1832 2744 elericos,
1853 2685 1945 2746 rum,
1963 2667 2044 2760 quie

562 2763 615 2838 illi
637 2763 710 2836 sum
733 2761 884 2857 magistri,
911 2758 944 2831 dt
968 2765 1059 2831 dures
1076 2765 1219 2831 leitortrni
1241 2762 1275 2829 in
1295 2762 1528 2844 virueritorir,
1551 2759 1695 2855 ideoque
1710 2759 1806 2833 decet
1821 2755 1910 2857 ipsos
1927 2761 2045 2849 hiberi

563 2885 633 2935 tom
652 2886 797 2945 verotes,
825 2882 862 2931 ut
877 2860 1005 2951 fingliti
1021 2882 1140 2929 eorum
1158 2858 1331 2950 offertioni,
1356 2860 1577 2952 repromissioni
1598 2859 1777 2940 creditum
1801 2882 1874 2929 tum
1895 2864 1978 2955 quio
1998 2860 2045 2935 le·

562 2960 710 3036 eundum
726 2959 856 3033 Concil.
876 2958 1066 3043 Triborienle
1083 2960 1116 3026 iti
1132 2982 1198 3027 cen.
1216 2986 1250 3033 4.
1268 2958 1314 3028 ll.
1339 2983 1369 3048 q.
1386 2982 1421 3039 5.
1446 2980 1508 3027 nor
1521 2954 1632 3028 cleriei
1647 2962 1746 3027 uitern
1761 2961 1973 3049 discipolorum
1990 2980 2047 3055 ge·

563 3066 671 3135 rimus
689 3064 721 3132 iii
736 3054 887 3135 ecclesa,
913 3053 1034 3150 quibus
1058 3058 1225 3125 Dominus
1243 3055 1341 3125 diiiir:
1364 3058 1459 3124 nolite
1474 3058 1592 3147 iurare.
1642 3058 1706 3139 Et,
1730 3056 1889 3149 quooirm
1912 3060 2046 3153 Episcopi

563 3162 671 3230 vicem
688 3179 808 3249 gerunt
825 3154 1053 3246 Apostolorum,
1078 3153 1184 3223 voluit
1203 3152 1358 3247 Synodus
1375 3158 1470 3245 Ilrgio
1495 3155 1600 3223 Titine
1623 3176 1709 3223 rinno
1734 3168 1814 3237 850.
1834 3175 1905 3223 coti.
1930 3178 1985 3241 4,
2009 3176 2048 3247 ue

564 3256 734 3327 ordinarie
761 3251 869 3323 sermo
891 3249 1029 3320 illorum
1052 3246 1129 3319 esset
1149 3249 1241 3343 jurio
1264 3252 1499 3341 Evongelium:
1525 3246 1588 3330 cst,
1615 3248 1678 3319 est:
1711 3274 1797 3333 non,
1820 3273 1906 3323 notit
1936 3250 2047 3349 uquil

563 3360 683 3427 enixius
705 3352 916 3437 affirmantium
932 3346 1024 3417 dutae
1049 3344 1183 3419 forstan
1206 3346 1412 3417 audientium
1434 3369 1562 3417 menter
1582 3351 1732 3441 exigerit,
1755 3348 1879 3427 voluit,
1904 3371 1943 3421 ur
1962 3374 2048 3422 inere

469 3490 477 3509 ι
564 3450 734 3545 Apostoliro
752 3446 807 3519 sua
825 3443 912 3515 diui
927 3442 1127 3515 confirment
1145 3445 1403 3518 hoelocutiooe:
1429 3447 1602 3536 Derisor,
1628 3470 1684 3519 out
1698 3470 1800 3519 toroni
1813 3455 1893 3520 Deo.
1911 3450 2050 3532 Hunno

563 3570 645 3624 utu.
665 3552 751 3621 Toni.
773 3554 812 3625 V.
841 3547 952 3616 concil.
966 3565 1033 3638 prg.
1049 3556 1107 3616 τό.

740 3766 799 3828 45.
849 3740 888 3809 C.
912 3736 966 3809 Ad
986 3734 1150 3809 verbum:
1188 3742 1326 3833 delegere
1345 3736 1482 3835 scrupus
1504 3736 1768 3810 nonmediocrir
1789 3738 1910 3833 pedem
1931 3762 2050 3811 nieum

565 3859 678 3911 vexor:
704 3862 797 3916 nom,
824 3832 902 3905 sicui
923 3834 1034 3906 cleriei
1059 3834 1282 3929 prohibentur
1301 3842 1497 3931 personaliter
1506 3843 1635 3929 jurare,
1661 3836 1876 3931 inijubentur
1896 3832 2049 3910 hocoffi·

565 3941 657 4009 eium
674 3934 746 4004 ollis
763 3938 914 4025 delegare.
954 3935 998 4004 D.
1012 3958 1078 4003 non
1088 3938 1253 4026 jubentur,
1280 3934 1333 4006 sed
1347 3942 1584 4029 permittuntur,
1608 3956 1749 4030 propter
1764 3934 1923 4005 verbum:
1942 3940 2047 4007 lueet.

568 4044 654 4127 Arg.
678 4032 699 4104 l.
717 4057 775 4118 40.
791 4028 828 4100 ff.
846 4030 888 4099 de
905 4028 1010 4122 judic.
1038 4034 1077 4101 C.
1096 4037 1178 4102 Nori
1194 4036 1310 4103 eximis
1334 4056 1396 4127 per
1421 4034 1483 4102 lioe
1498 4029 1669 4125 serupum:
1695 4055 1807 4103 monet
1819 4036 1910 4104 enim
1932 4056 2049 4105 meirni

567 4149 824 4225 argumentum:
849 4133 899 4220 qtti
912 4130 1033 4220 delegat
1053 4134 1185 4199 alterurn
1205 4134 1246 4201 oti
1264 4134 1443 4217 jurandum,
1471 4128 1644 4221 ipseiutoti·
1668 4134 1791 4201 tlrritttr
1803 4156 1861 4201 nott
1879 4130 2049 4225 gotefiipse

561 4236 686 4323 jurare:
714 4251 782 4319 ergo
799 4248 851 4296 net
868 4228 1019 4316 delegere.
1067 4230 1195 4299 Nonne
1212 4230 1322 4313 euim,
1344 4224 1366 4297 si
1391 4226 1481 4321 juter
1495 4220 1650 4295 defensor
1671 4252 1711 4297 rx
1729 4231 1916 4321 delegatione
1938 4232 2051 4313 elerici,

567 4327 709 4421 perinde
731 4322 796 4406 est,
822 4346 859 4395 oe
881 4319 903 4392 si
920 4320 1046 4412 juraret
1059 4320 1128 4419 ipse
1145 4324 1309 4397 clericus?
1336 4329 1428 4395 Nom
1445 4325 1501 4418 qui
1517 4318 1597 4393 feeit
1613 4325 1808 4418 petilium,
1830 4322 1878 4397 est
1893 4324 2050 4423 perinde,

568 4445 607 4492 ec
624 4419 645 4492 fi
664 4420 761 4493 sariri
776 4446 837 4515 per
850 4417 1003 4517 seipsum.
1054 4430 1093 4493 ll.
1108 4426 1147 4517 j.
1163 4448 1222 4501 7²·
1238 4429 1270 4492 in
1286 4438 1336 4504 r..
1363 4418 1547 4518 presertim
1562 4420 1633 4501 hie,
1660 4419 1716 4491 ubi
1741 4446 1944 4518 procurator
1963 4424 2052 4497 ‘uror

568 4523 600 4591 iri
617 4524 748 4587 enimam
759 4520 808 4608 siti
820 4522 1009 4612 principalis,
1037 4516 1070 4587 dt
1090 4541 1232 4613 propter
1250 4521 1312 4590 lioe
1325 4520 1445 4616 (periali
1459 4522 1601 4588 nitndrto
1627 4519 1764 4610 indiget.
1815 4524 1919 4605 Sene,
1944 4448 1974 4593 si
1988 4520 2054 4593 ele·

568 4618 659 4699 risui
680 4639 745 4689 nori
760 4614 868 4714 poietl
885 4615 1000 4711 jurare
1019 4614 1117 4713 perse
1136 4615 1248 4713 ipsun,
1272 4642 1339 4717 qiio
1360 4618 1490 4691 notione
1504 4617 1653 4710 delegrlit
1672 4617 1737 4690 hoe
1759 4616 1886 4693 elteri?
1906 4626 1991 4820 Αἶα.
2008 4627 2052 4693 R.

1959 4766 1971 4795 ι
1991 4730 2051 4800 68·
