4784 5550
428 615 677 699 aperturis
694 614 788 693 estc
804 611 1163 692 Louutssutunt
1183 615 1387 744 rpnttus
1403 615 1458 696 trt
1474 615 1678 698 srsrrrt.
1690 619 1841 716 &enan

996 829 1026 918 s.
1075 823 1217 903 xxtt.

484 989 634 1066 Tametsi
650 987 840 1087 positemo,
864 1010 904 1061 ex
921 985 1009 1061 vitto
1020 988 1260 1075 concedendis,
1285 990 1318 1059 in
1332 987 1593 1084 quadragenaria
1608 990 1840 1092 praescriptio·

428 1092 540 1165 titulus
557 1093 684 1187 requiri
704 1089 878 1170 videatur3
904 1085 945 1157 ad
960 1089 1203 1159 immunitatem
1220 1087 1425 1158 decimatum
1440 1091 1474 1159 iu
1493 1113 1610 1159 natura
1634 1091 1839 1185 praestanda·

428 1217 438 1260 t
456 1189 742 1284 consequendam,
774 1182 887 1255 saltem
906 1185 944 1254 ad
969 1184 1059 1254 illam
1086 1189 1320 1280 acquirendam
1345 1187 1587 1259 immemoriaie
1604 1209 1737 1286 tempus
1752 1185 1838 1261 suffi-

435 1338 445 1373 ,
471 1290 552 1387 quin
574 1287 707 1401 rilrulum
721 1283 821 1354 edere
835 1279 958 1353 necesse
977 1280 1022 1352 fir.
1074 1287 1190 1375 Qtum
1203 1287 1292 1355 enim
1310 1286 1398 1356 iuxta
1416 1280 1568 1380 superius

637 1419 687 1481 tir.
703 1432 767 1496 sap.
787 1432 816 1479 1.
838 1412 875 1475 dc
889 1407 1067 1496 praescript.
1088 1417 1122 1476 t'tr
1138 1417 1185 1482 6.'

427 1532 661 1630 acquirendum
677 1538 728 1604 ius
746 1531 933 1603 decimandi
950 1528 1056 1602 solum
1071 1554 1223 1626 tempus,
1243 1525 1343 1602 'cuius
1361 1531 1446 1603 initii
1463 1535 1626 1605 memoria
1640 1557 1707 1606 aon
1727 1555 1836 1619 extat,

431 1637 517 1703 ciat:
542 1631 631 1701 nulia
648 1632 785 1726 adpetet
800 1632 902 1710 ratio,
930 1653 1033 1724 quare
1052 1653 1117 1699 non
1133 1631 1232 1701 etiam
1254 1631 1305 1698 ius
1327 1628 1410 1700 iliud
1426 1628 1519 1726 lapsu
1541 1634 1703 1726 temporis
1720 1635 1837 1708 imme·

427 1730 507 1801 iaiis
528 1730 634 1799 amitri
650 1750 769 1823 queat3
798 1727 931 1824 eoquod
956 1723 1086 1797 facilius
1105 1749 1158 1796 res
1182 1723 1386 1808 destruatur.
1413 1752 1513 1822 quam
1533 1729 1768 1815 constituatur,
1799 1729 1835 1806 dt

427 1828 561 1898 sunitari
576 1823 756 1898 fruendum
777 1822 826 1903 fit.
879 1824 975 1896 Vnde
991 1823 1012 1895 fi
1031 1846 1138 1894 torum
1152 1825 1205 1894 ius
1225 1824 1411 1895 decimandi
1427 1849 1493 1895 non
1513 1826 1571 1897 viu
1587 1831 1694 1899 amitti
1712 1850 1834 1923 queat,
1974 1861 1977 1866 ·

429 1949 464 1995 to
484 1927 590 2017 magis
611 1947 745 1996 eatenus
769 1919 861 2019 lapsu
878 1925 1040 2015 temporis
1060 1921 1314 1993 immemorialis
1336 1920 1490 2016 restringi
1510 1928 1654 2019 poterit,
1688 1949 1722 1997 vt
1741 1925 1834 1997 deci·
1938 1997 1941 2002 ,

427 2046 513 2093 :non
531 2025 565 2091 in
582 2045 719 2102 natura,
743 2018 798 2091 sed
814 2016 1039 2091 aestimatione
1056 2015 1277 2114 praestentur.
1324 2019 1448 2093 Titulo
1467 2026 1558 2096 anim
1578 2022 1834 2098 immemorialic

427 2115 559 2195 idionis
572 2143 640 2195 nou
658 2121 755 2193 datur
769 2117 811 2194 de
833 2115 960 2191 mundo
976 2117 1109 2191 melior.
1669 2113 1672 2120 '

962 2324 996 2427 q
1045 2323 1218 2401 xxttt.

776 2499 1047 2577 Rationes
1102 2496 1400 2577 decidendi.

466 2660 571 2735 Hisce
584 2684 695 2736 tamen
707 2667 911 2760 argumentis
925 2688 1052 2737 rantum
1069 2665 1201 2761 pondus
1223 2661 1321 2737 inesse
1334 2689 1400 2736 non
1417 2661 1638 2755 arbitramur,
1663 2663 1831 2741 rtiisdem

426 2759 500 2834 titii
517 2758 768 2835 subscribamus.
817 2770 910 2834 Nam
923 2768 1024 2859 ptime·
1035 2787 1100 2858 pto
1115 2765 1264 2833 Domino
1279 2757 1358 2834 facit
1376 2762 1510 2853 tegula,
1534 2788 1596 2859 per
1612 2766 1756 2839 decimas
1779 2789 1831 2839 re·

426 2864 516 2932 riter
531 2884 584 2933 esa
600 2864 632 2930 in
649 2884 764 2931 nasuta
780 2861 933 2950 intelligi.
974 2860 1073 2930 Vnde
1090 2858 1111 2930 fi
1127 2859 1317 2939 decimsrti,
1342 2858 1486 2928 decimas
1503 2882 1670 2955 perpetuo
1683 2868 1718 2933 in
1734 2860 1828 2934 aesti-

426 2962 504 3029 ione
526 2955 733 3052 praestandas
753 2956 841 3038 'essm
878 2955 1062 3038 adsstuaot,
1088 2959 1317 3052 exceptionem
1335 2954 1419 3024 hanc
1442 2956 1605 3050 ptobare,
1638 2960 1831 3031 conuentio-

426 3079 502 3150 tque
518 3054 657 3149 desuper
673 3056 794 3127 docete
816 3078 980 3127 tenentur.
1033 3053 1135 3126 Aiiud
1160 3055 1249 3124 enim
1265 3075 1330 3150 pru
1349 3051 1415 3122 alio
1438 3056 1546 3123 inuito
1569 3056 1727 3127 creditori
1746 3052 1830 3127 solui

439 3150 557 3246 potest.
608 3156 674 3221 Pro
700 3154 902 3224 decimatote
926 3174 1097 3248 practerea
1122 3150 1246 3236 strando
1271 3174 1308 3221 ea
1332 3148 1559 3249 praesumptio
1580 3156 1662 3223 iuris
1688 3154 1830 3233 militat,

426 3251 446 3318 d
463 3253 497 3319 in
512 3252 732 3320 conuentione
750 3255 831 3320 cerri
849 3252 961 3345 quanti
985 3251 1060 3320 ioco
1076 3249 1281 3319 decimatum
1301 3250 1334 3318 in
1352 3272 1490 3329 natura,
1521 3257 1574 3325 bes
1592 3251 1830 3347 Buqqsbrnbsu,

425 3370 440 3418 e
457 3368 536 3441 pute
551 3346 670 3417 locatio
687 3343 865 3417 condu'siio
880 3349 1083 3440 temporatia
1102 3344 1327 3442 praecederit,
1353 3366 1439 3440 quae
1455 3346 1496 3415 de
1514 3369 1668 3441 tempore
1684 3352 1724 3421 ad
1747 3372 1830 3422 rem·

435 3447 534 3611 tacuisse
547 3466 710 3612 lqeqqnafta
727 3441 852 3527 fuerit,
878 3442 1008 3540 semper
1025 3465 1155 3528 autem,
1181 3465 1298 3540 ttpote
1318 3464 1371 3515 res
1384 3465 1497 3517 merse
1512 3439 1697 3531 facutnna,
1723 3468 1827 3520 retra·

426 3565 495 3614 toni
524 3567 545 3612 u
570 3564 599 3613 re
635 3564 717 3615 att.

971 3693 1005 3784 u
1054 3686 1211 3777 xxiv,

472 3855 766 3953 Qremadmodum
784 3857 889 3951 igitur
910 3854 1131 3933 condusiorer
1153 3882 1226 3931 tem
1248 3882 1316 3932 nou
1338 3854 1415 3943 sibi,
1450 3852 1505 3933 sed
1523 3859 1620 3935 alteri
1641 3862 1827 3965 porimens,

425 3953 490 4028 uod
513 3955 556 4026 ob
578 3956 642 4027 hoc
662 3953 789 4049 ipsum,
823 3957 913 4049 quod
938 3979 1068 4040 tenent,
1107 3952 1237 4051 pastam
1259 3954 1427 4053 praestent
1450 3960 1659 4051 mercedem
1691 3964 1770 4039 inde
1790 3968 1825 4036 in

425 4056 521 4128 ,tione
536 4050 757 4126 condusiione
773 4054 898 4124 nuliam
915 4051 1051 4148 prorsus
1065 4078 1202 4127 currere
1218 4052 1515 4153 praescriptionem
1531 4056 1577 4131 ob

747 4184 766 4249 i.
784 4202 815 4249 2.
836 4185 867 4253 C.
888 4186 924 4248 da
934 4184 1111 4269 praescript.
1127 4205 1178 4268 ³0·
1199 4186 1247 4250 urs
1259 4207 1311 4268 4ο.
1328 4206 1439 4254 annot.

424 4298 568 4376 tisesium
583 4296 654 4373 est:
681 4301 726 4370 ita
745 4300 834 4373 idem
849 4303 957 4396 quood
974 4304 1118 4375 decimas
1136 4307 1219 4375 iuris
1237 4303 1302 4378 csse
1321 4304 1538 4378 adserendum
1551 4300 1617 4387 est,
1644 4301 1832 4401 qood,”fi

424 4403 433 4473 i
462 4402 605 4473 maxime
630 4419 690 4494 pet
715 4398 909 4470 diuturnum
933 4422 1065 4494 tempus
1083 4424 1172 4473 certe
1194 4400 1378 4475 aestimtrio
1402 4405 1577 4500 quotannis
1596 4401 1670 4473 ioco
1687 4402 1831 4476 decima·

424 4524 456 4569 m
474 4496 578 4568 soluta
596 4490 716 4578 fuerit,
744 4521 861 4568 reuera
876 4518 984 4567 temen
998 4496 1072 4567 talis
1088 4502 1268 4571 conuentio
1284 4501 1538 4574 conduiiionem
1558 4505 1742 4585 contineat,
1764 4524 1832 4598 qua
1945 4522 1954 4535 ·

426 4590 612 4670 ffefforibua
626 4615 784 4686 agrorum
800 4593 951 4668 locantur
966 4593 1113 4667 decimae
1133 4620 1198 4691 pto
1219 4619 1310 4671 certa
1328 4594 1484 4695 peufioua
1506 4620 1630 4683 annua,
1660 4599 1830 4694 qualeae·
1943 4684 1954 4695 ,

1038 4694 1077 4763 Ν
1099 4718 1161 4765 nn
1190 4720 1209 4764 2
1593 4772 1596 4777 ,
1681 4701 1833 4789 „gotium
