4784 5550
451 641 522 717 ,ῃ
613 580 616 584 ’
897 605 1480 688 nissanrntio

449 801 571 883 fatiam
588 795 760 895 preterito
776 785 933 874 Precilla,
951 792 1141 887 quiPreces
1156 786 1312 885 sotejam
1332 786 1524 873 insinuavit,
1548 787 1601 862 sed
1625 787 1838 867 Praeliettdam
1852 799 1906 868 tat}

450 928 522 982 turn
537 922 632 971 antea
654 896 800 964 nondum
819 897 1023 986 acceptavit,
1051 884 1224 960 frustra&
1253 909 1434 986 perperam
1458 895 1597 961 omnino
1615 914 1654 961 ea
1682 892 1796 964 telaria
1821 897 1909 967 balle·

449 985 512 1080 ntia
530 996 670 1086 adligati
687 990 833 1087 Capituli
845 989 954 1060 verbis
967 984 1161 1059 inferretur.
1211 989 1258 1056 Ex
1270 987 1390 1058 iisdem
1406 990 1495 1059 enim
1512 987 1820 1064 modomemotatir
1834 999 1910 1064 Min·

448 1091 561 1176 datum
588 1089 723 1186 aliquod
746 1092 1017 1159 indeterminatam
1041 1085 1183 1175 intelligi
1208 1084 1339 1155 abunde
1365 1086 1547 1178 colligitur,
1605 1085 1658 1159 Ad
1684 1088 1750 1159 lioc
1768 1097 1856 1162 enim
1877 1097 1911 1163 it·

447 1191 616 1274 commodi
641 1189 730 1259 illiue
749 1190 834 1258 ratio
864 1189 1037 1282 pertinet,
1064 1182 1155 1274 quod
1175 1181 1254 1252 aliae
1273 1181 1429 1254 diuturne
1453 1180 1671 1256 Eccleliatum
1697 1193 1828 1259 necatio
1852 1212 1910 1260 cun

448 1298 543 1392 gravi
562 1292 773 1361 detrimento·
789 1280 1050 1380 pertimescenda
1069 1279 1125 1362 sit,
1152 1280 1204 1349 nel
1231 1279 1405 1352 ordinarii
1428 1305 1630 1378 quocunque
1654 1287 1838 1356 vacationis
1855 1284 1912 1357 cali

449 1395 491 1468 ad
511 1385 749 1487 explorandam
773 1388 866 1477 priua
887 1382 1101 1476 impeccantia
1121 1378 1321 1474 providendi
1338 1379 1542 1451 voluntatem
1563 1380 1809 1474 obligarentur.
1854 1388 1915 1455 Pre-

448 1516 503 1568 cea
522 1508 658 1562 econtra
675 1478 829 1556 cesaree
853 1478 983 1549 abunde
1009 1475 1084 1547 satia
1105 1477 1145 1546 ad
1163 1496 1290 1546 certam
1313 1474 1488 1548 Ecclesiam
1513 1476 1545 1549 dt
1570 1501 1699 1550 certum
1725 1502 1858 1578 tempus
1877 1486 1916 1553 si·

430 1594 617 1664 terminata
636 1607 673 1653 ex
704 1575 777 1674 ipso
801 1600 917 1650 tenore
951 1572 1009 1648 suo
1032 1571 1271 1665 dignoscuntur
1295 1573 1327 1644 dr
1356 1572 1615 1670 conspiciuntur.
1673 1581 1769 1648 Nam
1793 1603 1914 1660 certum,

448 1683 566 1763 niensis
588 1679 741 1753 videlicet
763 1701 781 1746 a
807 1697 883 1746 nota
906 1677 1076 1743 vacatione
1099 1670 1333 1766 computandi,
1361 1694 1493 1766 tempus
1512 1667 1725 1767 prefigitur,
1747 1677 1838 1769 quod
1858 1674 1916 1771 poll

450 1781 572 1858 fallam
588 1777 687 1851 lemel
704 1797 840 1871 precum
861 1770 1113 1842 infinuatiooem
1136 1766 1329 1862 expediat-e,
1355 1767 1435 1840 sicut
1449 1796 1480 1839 in
1498 1795 1671 1843 natatione
1697 1771 1853 1844 Beneficii
1868 1796 1918 1869 per

453 1881 583 1956 obitum
595 1880 627 1945 in
644 1875 752 1951 curia,
774 1873 817 1942 iro
835 1869 867 1941 di
882 1871 967 1940 intui
982 1871 1107 1965 thttia
1120 1869 1258 1936 Ptecum
1269 1867 1425 1938 Caesareae
1440 1865 1606 1962 Majessati
1619 1873 1652 1937 in
1668 1875 1918 1960 recognitionem

449 1977 598 2075 supremi
616 1971 771 2046 Muneria
790 1965 1028 2040 Advocariaedt
1055 1960 1273 2036 Protetlionie
1291 1965 1509 2036 Ecclesiarum
1526 1967 1717 2038 Germaniae
1731 1965 1915 2040 adsertiruu

450 2099 552 2174 grane
571 2071 603 2144 dt
620 2065 754 2142 exosum
771 2067 877 2138 videri
898 2090 964 2138 non
981 2061 1107 2161 patell,
1126 2058 1313 2159 presertim
1334 2081 1411 2132 cum
1433 2065 1556 2156 praenia
1578 2063 1758 2134 voluntarie
1784 2061 1915 2138 Precille

451 2174 636 2272 exploratio
653 2167 717 2237 hoc
732 2162 804 2261 ipso
820 2187 886 2235 non
903 2159 1050 2257 injunsla
1071 2159 1125 2242 stt,
1145 2158 1200 2231 sed
1222 2153 1368 2240 remissa,
1391 2159 1444 2231 nel
1459 2163 1570 2255 potius
1586 2183 1648 2256 per
1665 2159 1916 2257 expediatinnem

450 2271 614 2368 temporis
629 2262 778 2359 ejusdem
800 2259 973 2355 perbrevis
989 2257 1055 2331 fine
1072 2262 1164 2352 grani
1184 2256 1400 2328 Ecclesiarum
1419 2259 1623 2329 detrimento
1638 2256 1790 2355 suppleta
1806 2258 1918 2335 censea-

448 2394 516 2447 tur.
566 2364 683 2443 Unde,
705 2363 856 2458 quamvis
873 2379 948 2442 ante
970 2360 1234 2450 acceptationem
1252 2377 1291 2424 et
1311 2352 1409 2451 supra
1427 2353 1578 2426 dedutlia
1599 2357 1736 2429 collatio
1753 2359 1915 2430 ordinarii

449 2449 1913 2648 “tl‘l‘lisslllls'tlltl'llltll‘i‘illtllilil‘l‘titlllll

451 2591 488 2641 an
517 2586 603 2633 antia
824 2601 834 2635 ,
1237 2599 1246 2629 ,
1907 2588 1919 2609 ·

318 2647 322 2652 ⁵
449 2681 581 2737 noreio
600 2651 811 2728 Prehendam
830 2647 1022 2749 acceptandi
1040 2651 1243 2724 voluntatem
1259 2647 1426 2737 declarat,
1450 2656 1611 2724 reiradari
1626 2648 1779 2746 &caffari
1793 2655 1916 2726 omnino

453 2755 589 2835 debere.
615 2751 658 2850 a)

1074 2918 1112 3005 §.
1161 2915 1315 2991 xvii.

573 3094 658 3168 Satin
678 3089 752 3164 sine
773 3083 1003 3161 concludentia
1029 3082 1224 3158 &efficacia
1248 3087 1355 3159 videri
1376 3086 1507 3184 possunt
1524 3088 1595 3160 hac
1611 3110 1805 3182 argumenta
1824 3112 1859 3161 et
1874 3112 1921 3159 ni·

457 3218 532 3271 eura
556 3196 606 3263 rei
631 3215 667 3261 ac
690 3195 773 3286 Jure
798 3189 966 3258 communi
991 3188 1159 3256 Canonico
1178 3186 1339 3269 deducta,
1374 3192 1407 3257 dt
1432 3215 1468 3258 eit
1495 3186 1663 3259 Mendetis
1691 3185 1869 3259 Pontifitiis
1884 3187 1921 3255 de

454 3287 666 3391 providendo
687 3289 726 3357 ad
749 3285 986 3354 Primitiaruni
1008 3283 1148 3353 Precum
1170 3284 1393 3355 Cael'arearum
1413 3287 1604 3381 Diplomata
1617 3333 1626 3365 ,
1659 3308 1731 3376 quae
1752 3296 1870 3379 lpectei
1885 3280 1921 3354 si·

456 3391 588 3462 milium
608 3384 846 3457 Mandaiutum
869 3375 961 3455 sunt,
987 3381 1154 3456 translata.
1205 3384 1394 3452 Pleniortm
1415 3409 1523 3454 tamen
1541 3385 1675 3454 enident
1688 3407 1714 3451 a:
1734 3386 1840 3455 lucem
1856 3406 1921 3452 coit·

458 3486 597 3561 sliiuunt
615 3509 675 3567 ea,
704 3504 777 3579 quae
794 3503 832 3551 ex
855 3473 1043 3548 dumellicia
1060 3478 1092 3548 di
1108 3482 1260 3574 propriis
1283 3483 1423 3552 Precum
1447 3484 1684 3553 Primanorum
1706 3476 1921 3554 instrumentis

1853 3600 1921 3649 eru·

467 3770 469 3775 ·
496 3744 533 3825 a)
555 3738 604 3802 Ita
620 3738 727 3802 titullia
742 3739 886 3805 Mandata
901 3740 1029 3822 ipsemet
1049 3740 1200 3805 Pontifex
1216 3744 1456 3826 interpretator,
1479 3744 1514 3807 d:
1529 3745 1740 3828 adicitiouem
1758 3748 1837 3811 certi
1850 3755 1921 3808 tem·

570 3824 658 3902 potia
680 3824 859 3903 impetranti
880 3826 1051 3886 admodum
1076 3824 1283 3888 fauorabilem
1303 3824 1365 3888 esse
1386 3827 1523 3890 declarat
1542 3834 1573 3890 in
1601 3830 1685 3892 (lein.
1714 3828 1776 3894 Uir.
1797 3832 1833 3893 dr
1851 3831 1921 3892 siin·

569 3900 630 3987 taff.
651 3902 755 3983 Eccles.
776 3911 820 3967 vel
841 3906 934 3968 Proin.
957 3908 1125 3985 inquient:
1145 3906 1268 3980 „Serus
1288 3925 1393 3971 autem
1415 3909 1483 3971 sore
1502 3914 1680 3986 censemur,
1704 3932 1779 3974 cuin
1801 3916 1921 3976 decreto

508 4004 510 4011 ·
569 3984 737 4069 „apposito
753 3987 846 4052 alicui
862 3988 1023 4071 providetl
1044 3992 1226 4052 mandamus
1239 3991 1278 4052 de
1298 3990 1474 4061 Beneficio,
1497 3998 1581 4071 quod
1597 3996 1684 4056 intro
1695 3995 1824 4077 mansei·
1840 4011 1921 4054 ana·

570 4069 731 4142 „cacionia
756 4073 870 4133 notitia
887 4073 1014 4134 duxerit
1035 4072 1279 4153 acceptandum,
1304 4084 1342 4134 ut
1357 4072 1512 4154 appolitio
1532 4076 1636 4219 mataps:
1657 4077 1794 4158 ejasiteai
1813 4070 1922 4157 ahquid

569 4148 716 4232 ..adserat
741 4157 927 4230 impetranti.
985 4153 1034 4215 Ex
1057 4172 1122 4234 quo
1137 4155 1181 4216 ita
1201 4157 1405 4217 ratiocinatur
1421 4156 1565 4220 Koraia
1626 4163 1716 4237 incip.
1740 4155 1827 4241 Hiar.
1855 4158 1922 4221 sun.

568 4233 636 4299 Lib.
656 4231 715 4302 lll,
737 4231 801 4295 Tit.
827 4233 914 4299 Vlll.
938 4252 1022 4299 nuru.
1045 4252 1094 4316 25.
1116 4236 1185 4297 ibi:
1210 4236 1275 4308 ..Si
1297 4240 1424 4299 indiam
1448 4240 1532 4320 quasi
1551 4242 1650 4321 gratia
1677 4242 1803 4313 detur,
1835 4235 1922 4301 aotfi

569 4318 757 4391 „mandetur
775 4316 815 4377 de
839 4314 998 4378 Beneficio
1012 4316 1227 4387 conserendo,
1252 4320 1336 4399 quud
1352 4324 1420 4398 quia
1446 4326 1531 4384 i‘iirru
1551 4324 1675 4401 tranferri
1695 4322 1827 4387 duxerit
1843 4342 1922 4384 arce·

569 4399 763 4477 „piandum
785 4397 818 4460 di
835 4419 896 4460 una
915 4413 1090 4478 apponatur
1105 4398 1272 4462 Decretum
1288 4402 1432 4469 irritant,
1452 4415 1528 4463 tunc
1549 4408 1632 4467 enim
1649 4402 1846 4470 Beneficium
1860 4405 1922 4466 ted·

570 4481 678 4554 „ditur
702 4479 848 4544 asscitum
868 4500 932 4542 non
956 4482 1081 4550 minua,
1106 4499 1198 4559 quarn
1216 4480 1236 4543 ii
1257 4503 1332 4559 pute
1353 4483 1532 4547 mandatum
1554 4484 1640 4551 ellat.
1690 4488 1854 4569 Siquidem
1876 4488 1922 4548 ad·

568 4559 688 4638 ..jeten
706 4563 782 4625 certi
802 4564 954 4643 temporis
976 4579 1040 4621 non
1063 4561 1216 4641 suspendit
1236 4562 1381 4628 asscitum
1403 4567 1549 4630 clausulae
1573 4568 1747 4643 irritantis,
1773 4568 1825 4635 sed
1840 4573 1872 4634 in
1884 4568 1923 4632 sa·

567 4660 703 4714 „vorent
731 4643 927 4723 lmpettaotis
942 4642 1023 4706 satta
1038 4645 1199 4718 censetur,
1225 4659 1379 4727 quatenus
1399 4668 1464 4709 non
1489 4648 1590 4717 statim
1613 4652 1823 4719 voluntatem
1847 4653 1922 4721 sum

567 4722 769 4802 „declarare,
791 4725 841 4791 sed
858 4747 913 4813 per
932 4737 1037 4795 totum
1055 4728 1191 4794 mensem
1212 4729 1381 4796 deliberare
1398 4730 1501 4815 potiti
