4784 5550
492 657 565 733 nr
785 723 788 734 .
932 643 1510 729 utsaanuarto

609 839 723 908 stritus
736 835 844 909 idcirco
860 833 942 906 labat
956 833 1042 928 fait,
1069 835 1179 910 &vix
1194 855 1253 903 nra
1267 831 1432 927 explafinne
1447 835 1573 926 dignas,
1604 855 1675 930 quo
1700 829 1835 928 allegati
1859 834 1894 906 in
1915 831 1969 908 su·

518 930 642 1007 ratasla
661 933 883 1006 declaratione
904 927 1078 1028 pontifices
1093 931 1256 1026 judicium
1274 931 1307 999 in
1321 928 1415 1002 causa
1433 933 1575 1027 propria
1589 955 1749 1024 arrogare
1764 933 1800 1016 dc
1813 957 1836 1004 o
1862 933 1962 1004 ellul·

489 957 599 1103 larunt
616 1032 791 1126 ejusmodi,
806 1031 880 1126 jura
894 1033 1069 1102 tertiorum
1085 1027 1142 1099 fibi
1159 1025 1302 1099 asserere
1313 1031 1420 1099 conati
1437 1026 1522 1102 sunt.
1548 1033 1625 1100 Nec
1641 1053 1732 1101 certe
1747 957 1860 1127 potcd
1872 1029 1962 1102 intel·

493 1129 573 1221 ligi,
599 1132 678 1226 quid
696 1135 728 1198 in
747 1153 892 1201 mentem
910 1151 1054 1197 romana
1069 1131 1198 1198 venerit
1213 1127 1329 1207 cdriae,
1348 1127 1482 1219 quando
1499 1153 1517 1196 a
1534 1128 1655 1198 militia
1671 1131 1800 1201 Nollra
1815 1129 1902 1200 bona
1916 1151 1962 1200 eo·

492 1225 595 1299 clefiae
613 1228 721 1298 invadi
738 1224 881 1324 scripfit,
906 1251 981 1296 cum
999 1223 1077 1294 sciat
1090 1247 1146 1294 aut
1162 1219 1243 1292 scire
1258 1220 1364 1292 saltim
1380 1223 1517 1306 debeat,
1542 1221 1669 1296 Nollra
1689 1225 1722 1298 dt
1744 1229 1882 1324 imperii
1907 1223 1961 1300 csse

492 1321 614 1414 feuda,
640 1331 674 1398 in
697 1351 760 1422 qua
780 1325 876 1394 miles
897 1321 1061 1420 dispersus
1078 1319 1142 1392 cll:
1169 1320 1323 1390 alimenta
1341 1347 1476 1418 quoque
1493 1327 1568 1392 vitae
1584 1321 1784 1406 neccssaria,
1819 1346 1960 1420 tantope-

391 1481 394 1494 .
492 1446 530 1496 re
547 1449 609 1519 per
624 1423 676 1518 jus
693 1447 815 1495 naturae
834 1421 865 1492 dt
883 1427 1031 1512 gentium
1048 1417 1413 1514 privilegiataltaberi,
1437 1443 1475 1490 ut
1489 1417 1608 1516 pollint
1623 1424 1723 1493 ctiam
1738 1425 1773 1492 in
1795 1423 1961 1495 territorio

492 1523 634 1592 neutrali
653 1544 730 1592 tuuc
745 1515 946 1616 potissimum
966 1521 1071 1612 quatri
1089 1516 1258 1611 sumiquc‚
1283 1541 1358 1587 cum
1380 1514 1570 1589 suslcntatio
1592 1521 1626 1590 itt
1653 1521 1830 1616 propriam
1851 1520 1960 1594 alcutit

492 1615 718 1691 defensionem
739 1615 1095 1714 prusctvationcmque
1120 1613 1160 1684 ab
1177 1611 1331 1685 ulteriori
1360 1613 1473 1686 hoslili
1496 1617 1618 1687 damno
1639 1616 1670 1687 dt
1693 1619 1847 1716 periculo
1870 1619 1960 1691 cedit.

494 1722 620 1812 Qtales
636 1714 894 1787 circumstantias
915 1717 948 1784 in
969 1709 1129 1810 ptaesentc
1146 1714 1287 1783 inveniti
1306 1710 1399 1792 casu,
1424 1711 1457 1783 dt
1476 1737 1539 1808 per
1551 1739 1709 1797 cananea,
1735 1715 1846 1808 leget,
1870 1719 1959 1788 ratio·

493 1839 639 1910 nemque
656 1812 753 1884 slatus
774 1812 815 1882 ad
832 1814 1021 1884 communia
1042 1835 1143 1880 onera
1161 1805 1341 1904 ipsummet
1362 1810 1488 1880 clerum
1511 1837 1575 1908 pro
1595 1837 1677 1908 pace
1690 1837 1726 1884 ac
1744 1815 1898 1886 libertate
1911 1811 1960 1884 sla·

497 1911 642 1984 bilicnda
660 1907 814 2002 obligari,
833 1934 931 1981 namo
946 1905 1009 1990 cll,
1027 1911 1082 2002 qui
1096 1933 1161 1992 non
1173 1905 1300 1984 videam
1320 1907 1501 2000 pzael'ettim
1517 1911 1572 1980 illa
1590 1913 1623 1980 in
1642 1913 1834 2008 provincia,
1858 1913 1892 1982 in
1906 1935 1961 2006 qua

496 2010 531 2084 dt
549 2035 621 2081 mos
646 2009 838 2102 hujusmodi
856 2010 1011 2100 antiquus
1027 2008 1112 2076 circe
1130 2009 1399 2076 communionem
1419 2005 1622 2078 tributorum
1640 2007 1837 2080 militarium
1861 2005 1958 2080 scrut·

495 2131 569 2190 tur,
598 2103 851 2204 &possessiones
872 2105 953 2176 cleti
976 2099 1157 2174 Parmensis
1180 2127 1248 2174 tant
1271 2105 1388 2199 amplae
1404 2101 1562 2188 exiliunt,
1591 2127 1629 2176 ut
1652 2131 1806 2204 quartam
1828 2107 1959 2178 ducatur

448 2279 452 2296 ,
493 2227 626 2306 partem
642 2231 726 2302 pene
742 2203 946 2299 exsuperent.
998 2203 1177 2294 Indignum
1200 2203 1312 2295 itaque
1329 2201 1473 2272 clericali
1491 2199 1649 2274 felicitate
1665 2201 1712 2274 cst
1726 2201 1846 2284 risum,
1865 2203 1959 2299 quod,

493 2329 570 2376 cum
593 2307 646 2374 alii
663 2305 834 2396 eguerint,
859 2303 928 2394 ipsa
945 2303 1154 2370 tenacitatem
1169 2297 1260 2368 suam
1277 2300 1441 2393 prodere,
1468 2325 1528 2371 nec
1545 2326 1621 2372 cum
1639 2301 1748 2384 laicis,
1764 2325 1960 2398 quamquam

495 2425 548 2474 ter
566 2397 819 2473 acommilsario
835 2397 946 2468 nollrn
962 2399 1130 2493 imperiali
1159 2397 1350 2477 inilicitum,
1384 2423 1426 2469 ne
1449 2399 1489 2466 ad
1511 2399 1650 2468 obulum
1672 2401 1810 2494 quidem
1833 2423 1962 2492 erogan-

497 2499 596 2579 dum,
623 2521 822 2568 concurrere
838 2497 1001 2577 volucrit,
1027 2494 1081 2565 sed
1098 2500 1259 2589 pertinaci
1276 2492 1334 2566 suo
1350 2491 1616 2591 castallarioquc
1630 2493 1798 2570 inhaeserit
1822 2493 1962 2594 propos

498 2618 552 2675 to,
582 2597 732 2689 quamvis
749 2592 817 2689 ipse
835 2592 1007 2663 consensus
1032 2589 1225 2687 pontificius
1248 2617 1312 2686 pto
1336 2593 1485 2664 conectis
1507 2595 1548 2664 ad
1573 2619 1786 2668 communem
1805 2593 1963 2668 necessita·

497 2715 566 2762 tem
587 2694 832 2785 utilitatemque
849 2687 1078 2770 conserendis,
1098 2715 1164 2759 non
1182 2686 1246 2760 fine
1264 2687 1381 2760 illuslri
1397 2694 1592 2763 reverentia·
1606 2717 1685 2766 nota
1699 2697 1733 2765 in
1750 2693 1896 2768 traslatu
1910 2715 1964 2795 pet

497 2788 624 2863 diuum
642 2787 898 2861 commissarium
913 2787 1078 2861 Nollrum
1100 2785 1278 2875 concluso,
1302 2786 1407 2862 fucrit
1422 2788 1618 2865 reservatur.

609 2991 692 3082 Qtae
714 2989 826 3059 omnia
841 2986 873 3057 dt
889 2984 985 3082 plura
1001 2984 1081 3065 alia,
1109 2982 1232 3077 quibus
1249 3006 1315 3054 tam
1330 2984 1473 3081 provide
1500 3012 1537 3058 ac
1559 2984 1643 3079 juste
1665 3009 1704 3058 cx
1729 3008 1827 3081 parte
1845 2982 1965 3059 Nostra

492 3085 632 3181 procedi
652 3086 797 3179 placuit,
824 3084 906 3154 adeo
924 3084 1089 3153 luculenta
1113 3081 1185 3151 sunt
1202 3080 1335 3151 Nollrae
1359 3088 1524 3179 aequitatis
1550 3086 1581 3155 ἃ
1601 3088 1750 3156 muneris
1770 3081 1904 3158 caesarei
1924 3084 1965 3156 lc·

493 3186 611 3274 gitime
627 3186 760 3252 exerciti
777 3180 980 3259 testimonia,
1008 3204 1062 3258 ut,
1087 3203 1125 3249 cx
1146 3204 1213 3271 quo
1226 3178 1311 3272 juria
1326 3175 1420 3252 sonte
1436 3206 1527 3251 acres
1553 3180 1620 3251 illae
1642 3178 1795 3278 superius
1816 3180 1963 3276 exposttc

496 3279 641 3350 censurat
667 3280 853 3373 spirituales
873 3273 1045 3349 conscllim
1069 3276 1309 3369 prostiterint,
1335 3276 1496 3373 dispicere
1520 3280 1777 3373 haudquaquam
1793 3282 1966 3352 calcamur.

495 3380 649 3447 Fecimus
671 3376 760 3471 quod
783 3373 890 3447 noslra
912 3375 943 3445 dt
961 3377 1094 3467 imperii
1113 3374 1186 3465 jura
1205 3372 1412 3467 pullularunt
1426 3400 1434 3458 ;
1449 3377 1480 3447 dl
1497 3402 1537 3448 eo
1554 3380 1689 3471 quidem
1706 3376 1808 3449 modo
1818 3374 1968 3463 fecimus,

494 3498 595 3570 quem
614 3474 864 3547 constitutiones
881 3476 1034 3569 imperii,
1067 3472 1269 3564 illatumque
1291 3471 1366 3542 usua
1385 3471 1571 3555 dislatete,
1612 3499 1649 3544 ac
1671 3472 1845 3567 fingularia
1869 3478 1966 3549 ctiam

493 3571 717 3656 observantia,
743 3599 807 3667 qua
824 3594 1035 3642 communem
1055 3566 1312 3639 Christianitatis
1327 3594 1457 3665 patrem
1485 3570 1663 3667 sedemque
1682 3570 1900 3667 apostolicam
1920 3598 1969 3647 cx·

494 3688 545 3738 tta
568 3674 712 3759 partium
740 3670 844 3741 lludia
866 3665 1119 3765 prosequimur,
1154 3663 1338 3737 dcfidetare
1364 3666 1449 3739 visus
1471 3667 1535 3753 ess3
1575 3693 1677 3765 prout
1697 3670 1876 3741 cardinalia
1899 3694 1968 3763 ger·

425 3816 433 3847 ,
493 3771 584 3836 mani
599 3771 836 3857 negotiationes
853 3765 1064 3859 complures,
1089 3787 1161 3833 tum
1182 3787 1246 3858 pto
1264 3766 1480 3859 impetrando
1495 3764 1665 3861 superfluo
1682 3764 1852 3861 pontificis
1868 3764 1967 3841 asseu-

494 3858 550 3941 su,
577 3886 647 3933 tum
665 3864 704 3931 ad
721 3862 1006 3933 remonslrandum
1025 3860 1232 3931 auctoritatis
1251 3860 1481 3944 ecclesiastice,
1500 3868 1828 3961 praeprnpcrenimit
1843 3891 1881 3937 ac
1896 3891 1970 3963 per·

494 3984 611 4057 petam
628 3958 782 4031 adhibite
800 3957 954 4041 abusum,
979 3984 1043 4029 nnn
1060 3984 1127 4029 uno
1145 3960 1219 4028 loco
1242 3963 1452 4033 convincunt.
1512 3959 1736 4033 Observamua
1760 3964 1915 4061 exempla
1935 3966 1969 4035 iu

495 4056 592 4131 simili
607 4054 821 4131 collellatum
840 4057 870 4128 dt
888 4083 1027 4129 oncrum
1044 4052 1333 4127 ecclesiasticorum
1358 4080 1502 4149 genere,
1533 4055 1588 4129 sed
1609 4060 1712 4131 modo
1732 4060 1853 4153 agendi
1874 4086 1970 4159 pror·

497 4153 552 4229 sua
569 4154 717 4255 dispari,
743 4180 818 4226 cum
835 4153 987 4226 hostibus·
1004 4151 1140 4235 noslris,
1166 4178 1202 4223 ut
1223 4177 1259 4224 ut
1277 4178 1489 4225 communem
1511 4158 1656 4254 Europae
1676 4156 1866 4231 libertatem
1889 4156 1971 4233 infe·

499 4253 677 4339 stantibus,
707 4252 848 4325 &nullo
866 4248 980 4323 satore
995 4251 1122 4340 dignis;
1148 4250 1269 4345 quibus
1286 4275 1395 4323 tamen
1416 4276 1435 4323 a
1456 4277 1593 4323 romana
1617 4258 1727 4338 cutia,
1757 4254 1813 4327 vcl
1837 4255 1972 4333 couscua

501 4351 555 4425 sus
569 4357 668 4425 ctiam
688 4348 773 4448 sape
787 4375 901 4424 contra
917 4345 965 4420 fas
990 4346 1098 4447 ipsum
1115 4348 1284 4444 probetur
1299 4346 1428 4430 subito,
1460 4350 1511 4421 vel
1535 4352 1579 4422 ita
1602 4352 1795 4443 indulgetur
1817 4356 1972 4429 conuinc-

503 4474 643 4542 turquc,
669 4474 705 4521 ut
718 4446 903 4521 animositas
920 4448 1103 4527 contraria,
1120 4471 1185 4541 qua
1203 4469 1237 4517 ct
1252 4471 1311 4517 nos
1329 4446 1501 4519 liberrime
1518 4450 1550 4518 in
1567 4446 1745 4546 conspcclu
1760 4453 1863 4523 totius
1877 4476 1972 4525 mum

503 4548 537 4619 di
554 4548 764 4642 impetimur,
791 4548 824 4621 dt
843 4570 958 4643 aperta
973 4541 1080 4615 nollta
1099 4568 1134 4613 ac
1149 4545 1284 4638 imperii
1300 4544 1376 4638 jura
1388 4540 1503 4643 paffim
1519 4545 1646 4629 verbis,
1670 4550 1780 4646 typis,
1806 4544 1972 4647 fellisque

501 4650 757 4745 impugnantur,
781 4644 848 4741 jam
863 4644 998 4744 pridem
1012 4642 1184 4717 duriorem
1199 4644 1235 4715 in
1257 4642 1351 4721 nobis
1367 4668 1499 4722 motu·
1519 4640 1702 4734 excitasset,
1736 4642 1795 4719 nis
1810 4648 1902 4723 hunc
1923 4651 1972 4720 in·

1902 4768 1972 4823 ῠΙΙΙ
