4784 5550
546 659 591 735 ,ς
890 694 896 702 .
999 628 1576 724 ntsssnrarto

524 803 713 924 'impofitta
733 817 793 894 suo
808 817 885 893 fisco
901 814 1090 900 vindictre',
1116 845 1199 915 ergo
1216 847 1281 894 non
1301 818 1469 915 alligauit
1485 820 1669 921 Eccleliis?
1706 847 1772 893 non
1790 827 1881 895 enim
1895 823 1980 920 quid
1994 823 2038 897 li.=

543 929 595 1000 cti
616 915 790 1022 potuill'et,
815 918 871 991 sed
892 920 977 1015 quid
997 917 1072 988 aliu
1097 915 1223 991 sallum
1245 915 1370 1002 fuerit,
1396 920 1461 992 lide
1486 921 1657 1006 historica,
1681 924 1714 992 in
1735 923 2051 994 confidcrarionem

544 1028 792 1141 veniuntque
817 1018 881 1132 qdo
901 1041 941 1088 cx
962 1018 1106 1130 allegato
1125 1020 1240 1132 Caroli
1262 1025 1314 1091 M.
1335 1042 1503 1133 precepto
1517 1021 1663 1132 eruitur,
1690 1019 1781 1113 quod
1801 1017 1907 1134 franci
1930 1045 2042 1115 popu·

457 1311 464 1318 ,
543 1112 1942 1306 lll‘llltlli‘ll‘llll‘llll‘llglil⁰llll²lllrl,llllill
1955 1115 2043 1286 llil.

544 1341 647 1414 qoam
666 1312 846 1385 secundum
865 1305 963 1406 supha
978 1305 1120 1380 addufla
1136 1313 1272 1407 populis
1289 1307 1427 1383 devillis
1446 1309 1556 1404 (quod
1574 1312 1606 1378 in
1623 1309 1736 1381 medio
1749 1333 1821 1382 uro
1839 1316 1872 1382 in
1884 1312 2043 1384 occiden-

547 1437 584 1488 te
600 1438 666 1485 non
681 1411 825 1508 amplius
843 1404 908 1479 fuit
927 1410 961 1478 in
976 1406 1035 1477 usu
1052 1409 1104 1499 e),
1131 1407 1185 1482 sed
1202 1435 1278 1479 eum
1295 1408 1477 1503 Republica
1494 1411 1641 1477 Romana
1654 1408 1788 1499 eviluit)
1804 1407 2042 1503 imposuerunt

547 1511 713 1593 decimas,
743 1502 985 1601 consequenter
1010 1528 1070 1575 nec
1089 1503 1306 1582 intendebant
1328 1509 1459 1576 ratione
1478 1510 1663 1587 Saxonum,
1701 1528 1762 1577 nec
1784 1512 1935 1579 Saxones
1961 1509 2042 1580 licet

545 1608 674 1684 francis
695 1628 789 1676 antea
805 1604 971 1675 tributarii
989 1603 1064 1674 loco
1081 1602 1196 1675 tributi
1214 1627 1359 1698 unquam
1376 1600 1544 1676 solverunt
1559 1604 1733 1687 Decimae,
1753 1599 1809 1674 sed
1823 1629 1956 1677 tantum
1969 1625 2042 1678 cet⁸

546 1732 616 1784 tarn
634 1726 801 1800 equorum
817 1701 869 1773 vel
885 1725 1047 1798 pecorum
1065 1705 1285 1796 quantitatem
1302 1699 1417 1771 tributi
1433 1700 1507 1770 loco
1527 1695 1752 1813 praellircrunt
1765 1706 1819 1793 ἀγ,
1844 1706 1913 1775 hoc
1934 1702 2044 1778 tribui

548 1830 623 1879 tum
639 1799 703 1874 fuit
717 1799 865 1880 Laicale,
892 1824 959 1869 non
976 1821 1087 1869 autem
1101 1798 1296 1869 translatum
1312 1822 1330 1867 a
1346 1798 1468 1868 Carolo
1481 1803 1532 1868 M.
1554 1822 1586 1866 tn
1607 1794 1783 1878 Ecclesiae,
1807 1797 1862 1872 sed
1881 1803 1947 1873 hoc
1962 1825 2042 1873 corr·

421 1908 447 1942 ¹·
548 1902 680 1976 suetum
701 1897 866 1972 tributum
883 1895 1066 1967 Saxonibut
1092 1896 1190 1992 plane
1208 1892 1271 1966 fuit
1289 1892 1474 1975 remilium,
1500 1918 1536 1965 ut
1551 1889 1652 1964 ellent
1675 1894 1818 1967 adinllar
1841 1895 2042 1971 francorum

549 2000 637 2073 liber
652 1995 816 2094 populus:
832 1999 866 2072 e)
892 1990 1054 2087 imposttae
1070 2017 1180 2063 autem
1196 1992 1268 2062 lunt
1284 1991 1430 2064 Decimae
1445 1996 1672 2084 originetenus
1690 1994 1920 2068 Ecclesiasticae
1940 2003 2043 2089 exie·

550 2100 706 2172 rediviae
721 2091 934 2181 solvendas)
963 2113 1045 2186 quas
1066 2089 1098 2161 dt
1120 2088 1287 2163 solvebant
1303 2087 1454 2161 Ecclesrts
1476 2088 1604 2172 franci,
1627 2089 1778 2184 adeoque
1798 2117 1911 2188 patet,
1935 2117 2042 2191 quam

548 2179 746 2269 inconcinne
762 2195 851 2260 Bon
864 2211 890 2260 nt
902 2210 923 2258 e
937 2208 958 2258 lt
970 2206 1021 2260 us
1037 2211 1153 2259 contra
1171 2213 1306 2259 omnent
1324 2184 1424 2257 fidem
1440 2188 1629 2259 historicam
1644 2185 1725 2258 velit
1738 2193 2044 2264 DecimasSaxuui·

547 2295 612 2367 bus
634 2286 803 2386 impolitae
825 2290 1057 2378 originetenua
1081 2282 1174 2356 fuille
1198 2285 1344 2356 Laicales
1367 2281 1443 2355 fisco
1459 2288 1566 2375 Regia
1592 2282 1775 2371 solvendae
1810 2312 1905 2385 paret
1919 2289 2045 2364 exinde

548 2413 652 2490 quam
676 2387 765 2457 ntale
781 2380 964 2455 confundet
986 2384 1141 2452 Decimus
1167 2380 1401 2453 Ecclefiasticas
1425 2383 1605 2453 Senonibus
1622 2380 1791 2478 impolitas
1813 2388 2046 2461 cum-tributo

550 2511 629 2562 ante
644 2479 891 2557 conrctfionem
907 2479 1037 2561 soluto,
1060 2480 1094 2551 dr
1110 2504 1210 2571 qnam
1234 2479 1436 2578 prepolletc
1459 2482 1517 2554 hic
1531 2483 1673 2552 uermes
1690 2480 1723 2554 dt
1740 2488 1888 2558 tributum
1904 2481 1970 2559 effe
1988 2484 2048 2583 sp·¹

545 2591 701 2681 'bonyma
719 2577 1007 2652 comminiseatur:
1032 2602 1093 2682 nec
1105 2575 1237 2670 stringit
1410 2597 1413 2602 ·

673 2723 762 2804 5tnm
776 2717 1019 2806 Argumentum,
1046 2711 1122 2784 licet
1143 2713 1231 2783 enim
1245 2711 1488 2782 transmittatur
1504 2699 1709 2809 preceptum
1725 2715 1838 2788 Caroli
1862 2721 1915 2790 M.
1941 2720 2050 2793 ratio·

483 2858 486 2863 ·
539 2839 598 2903 ‚ne
612 2815 760 2887 sunnia
780 2809 894 2882 datum
910 2835 976 2881 non
996 2833 1316 2882 concerneretertas
1333 2832 1422 2879 extra
1439 2812 1632 2896 saxoniam,
1660 2812 1799 2906 allegata
1813 2837 1925 2887 tamen
1941 2814 2053 2912 supro

552 2913 685 3009 reliqua
699 2905 807 2983 edilia
824 2907 936 2980 Caroli
952 2913 1004 2981 M.
1027 2910 1114 2979 circa
1131 2910 1285 2980 Decimas
1302 2909 1422 2977 intuitu
1447 2904 1605 2978 universe
1624 2913 1830 2983 Monarchiae
1852 2910 1949 2985 franc
1977 2906 2059 2987 latlt'

552 3006 712 3095 filerunt,
737 3031 797 3089 nco
824 3012 864 3081 tl
887 3006 920 3077 dr
946 3009 985 3097 2)
1009 3006 1200 3098 erallegara
1224 3006 1355 3077 Alcuini
1374 3002 1536 3092 Epillola,
1563 3006 1652 3099 quod
1679 3008 1877 3102 prodicium
1893 3036 2049 3109 praecep·
2078 3076 2082 3083 .

548 3133 629 3183 cum
650 3131 724 3178 antc
745 3101 930 3175 conclusam
952 3129 1027 3173 eum
1052 3103 1233 3187 saxonibus
1256 3126 1369 3195 pacem
1387 3098 1468 3172 ferti
1488 3126 1553 3171 non
1576 3110 1745 3197 potuerit,
1772 3132 1889 3178 necet
1911 3106 2055 3183 filcaria

554 3206 760 3304 scriptulum
775 3206 973 3273 Coaevorum
988 3201 1194 3274 conditiones
1211 3203 1300 3297 pacis
1314 3225 1381 3273 non
1396 3200 1484 3273 clare
1498 3204 1756 3296 exprimentium
1778 3204 1838 3298 (ad
1852 3230 1926 3304 quae
1942 3232 2049 3301 argu·

1929 3328 2055 3380 ment!

594 3474 636 3559 e)
659 3468 711 3534 Sic
725 3466 837 3551 populi
856 3463 992 3538 Slavici,
1020 3463 1101 3529 Dani
1123 3466 1306 3538 Clamarini,
1332 3463 1468 3537 Poloni,
1494 3464 1664 3545 Hunnique
1685 3465 1853 3531 Germania
1871 3469 1961 3535 fuere
1981 3474 2047 3538 trt-

649 3553 808 3621 ‘butarii,
833 3550 899 3612 imo
915 3548 970 3628 ipfi
993 3547 1142 3612 Germani
1168 3569 1225 3631 per
1242 3562 1368 3629 tempus
1392 3550 1546 3611 tributarii
1568 3560 1656 3610 erent
1678 3549 1823 3624 Hunnia,
1843 3553 1897 3616 illa
1922 3557 2050 3619 tribute

671 3644 779 3697 autent
794 3652 858 3693 non
873 3631 1079 3694 consistebant
1097 3634 1129 3695 in
1144 3633 1274 3695 decimis
1289 3629 1447 3694 fruticum
1465 3629 1514 3693 led
1530 3634 1562 3693 iu
1579 3634 1709 3713 pecunia
1723 3636 1856 3715 partim,
1869 3640 2052 3718 partimin

671 3716 841 3799 pecoribus
865 3715 899 3776 dt
924 3715 1024 3795 equis.
2017 3714 2021 3719 ’

600 3832 647 3915 ὁ)
670 3831 723 3897 Sic
739 3834 924 3914 quingentos
943 3814 1055 3892 l'atras
1072 3825 1272 3909 inferendales
1288 3831 1376 3892 annis
1402 3827 1531 3907 singulis
1549 3850 1565 3890 a
1581 3829 1747 3893 Clotlrario
1772 3829 1908 3897 Seninre
1931 3838 2048 3906 cenfiti

671 3914 860 3983 reddebant,
884 3924 979 3990 prout
995 3908 1090 3972 refert
1108 3908 1360 3974 Fnreoeoantus
1380 3909 1508 3973 Scrrttu.
1523 3935 1548 3974 c.
1570 3932 1620 3991 74.
1639 3914 1675 3972 ad
1694 3933 1741 3976 an.
1761 3913 1831 3994 631.
1849 3918 1925 3982 edit.
1946 3920 2045 3988 Rufo,

538 4066 542 4083 Ι
672 4019 702 4079 p.
728 3998 800 4080 647.
823 3993 908 4058 conf.
929 3995 1097 4055 Annaeus
1114 3990 1293 4067 francorum
1307 3996 1415 4055 irecerlt'
1426 3994 1566 4054 oretltorr's
1586 3996 1617 4055 in
1634 3993 1787 4056 Prrrroet
1801 3996 1909 4081 script.
1929 4001 1996 4075 xl.
2014 4026 2046 4087 p.

554 4155 557 4161 ¹
696 4080 765 4143 ,ad
789 4098 837 4141 an.
860 4096 879 4156 7
903 4087 930 4146 8.
955 4074 1065 4137 Gneo.
1097 4071 1234 4138 Turoni.
1262 4074 1297 4137 L.
1330 4074 1386 4140 lV.
1412 4094 1438 4135 c.
1469 4092 1513 4153 14.
1541 4075 1710 4138 Annaeus
1743 4077 1985 4148 H1tunsrtatnr
2011 4092 2046 4152 itt

653 4101 865 4227 'buturum
893 4156 925 4221 s.
950 4156 975 4218 l.
988 4155 1097 4238 script.
1127 4156 1299 4218 Branswr'r.
1320 4174 1350 4235 p.
1377 4174 1447 4237 7¹2·
1476 4157 1528 4218 ubi
1556 4158 1689 4227 lenitura
1726 4156 1874 4243 Pippr'ntet
1898 4165 2060 4234 Saxones·

554 4268 556 4273 ·
672 4248 744 4310 bello
761 4241 908 4326 superat,
928 4258 1018 4321 equor
1037 4238 1120 4301 000.
1142 4240 1268 4301 reddere
1281 4241 1315 4299 r'rt
1337 4239 1486 4299 tributum
1506 4245 1691 4318 promererent
1708 4238 1770 4306 &a

601 4366 640 4449 t)
658 4361 708 4426 De
733 4341 846 4442 quibus
877 4356 973 4420 fustus
993 4366 1126 4436 egerunt
1155 4354 1385 4418 contritores
1414 4355 1450 4415 de
1473 4354 1574 4416 Germ.
1603 4350 1680 4434 Imp.
1709 4360 1824 4420 ciuibus
1851 4360 1880 4442 l.
1906 4326 1957 4445 251.
1979 4365 2045 4512 seq.

675 4444 769 4524 alleg.
795 4444 982 4505 Mamaeae
1001 4434 1106 4500 in'cit.
1135 4445 1173 4500 tr.
1199 4439 1237 4499 de
1250 4438 1333 4518 flatu
1353 4434 1522 4514 Religionis
1545 4432 1584 4498 δέ
1616 4438 1743 4521 Reipub.
1764 4440 1826 4524 sub
1852 4445 1963 4511 Corolo
1992 4451 2044 4517 ll.

675 4523 738 4589 &a
756 4523 789 4586 dr
805 4529 838 4586 in
854 4524 998 4586 trr'rtdt'rr'ir
1012 4519 1180 4582 Libertatis
1199 4523 1334 4600 antiqua
1351 4516 1501 4579 Saxonioe
1516 4515 1579 4582 &a

594 4643 643 4731 s)
660 4642 745 4708 Dum
762 4641 838 4703 dicit
854 4640 988 4704 Carolus
1009 4634 1180 4700 Serundrun
1207 4635 1267 4698 Drr'
1284 4635 1469 4697 Morrdatrm
1481 4639 1847 4724 precipimus....juxm
1861 4648 1946 4728 quoa
1959 4649 2050 4714 Dm

672 4726 835 4808 uniruique
848 4725 964 4789 dederis
982 4719 1167 4804 Clrrr'ssr'erto,
1187 4728 1307 4802 partem
1324 4718 1392 4784 Dea
1405 4718 1525 4785 reddat.
