4784 5550
447 621 517 712 360
893 609 1469 696 utssssssrro
1548 641 1558 664 ‘
1641 609 1648 614 ’
1747 623 1750 628 ’

449 799 606 872 Decimae
622 791 661 870 sb
676 793 816 870 Ecclesia
831 794 904 898 poll
922 798 1110 874 Concilium
1127 801 1280 875 lateran.
1301 799 1408 876 adbuc
1429 791 1581 900 poll'tllis
1598 793 1698 878 sulse
1715 793 1901 904 probatem

451 898 623 992 Siquidem
641 900 740 969 etiam
764 900 899 993 quaudo
927 927 967 971 ue
990 903 1144 972 Decimaa
1161 924 1201 972 er
1221 906 1353 994 origine
1373 899 1427 974 sua
1444 903 1525 973 alias
1542 903 1694 976 Lttcales
1713 903 1763 974 ad
1776 903 1901 978 ecclelia

451 991 615 1068 devenisse
629 1021 666 1068 er
683 993 715 1096 q.
731 1002 771 1068 V.
792 924 922 1093 praecel

451 1091 568 1167 ssinam
585 1093 673 1165 suant
693 1117 844 1167 naturam
862 1121 928 1168 non
952 1100 1188 1176 immutarunt,
1215 1121 1276 1169 nec
1296 1101 1402 1190 magis
1425 1122 1561 1178 etrum,
1593 1123 1697 1196 quam
1721 1099 1901 1176 aliamnra

450 1215 525 1263 runt
547 1190 695 1263 Ecclesiae
716 1195 954 1292 temporalium
979 1194 1099 1268 debitis
1116 1218 1192 1268 cum
1211 1193 1463 1270 solennitatibus
1487 1198 1708 1272 alienatorum
1731 1201 1830 1273 'Laicl
1845 1199 1901 1274 iuss

928 997 1122 1079 .elucescit‚
1149 1023 1224 1096 quac
1240 1023 1303 1095 per
1321 1001 1409 1072 hunt
1431 1003 1465 1072 io
1489 997 1648 1072 Eccleflas
1670 999 1901 1100 transituropti

307 1337 311 1344 -
449 1312 549 1387 paces
567 1289 752 1366 evaserunt.

1060 1428 1099 1514 ς.
1148 1423 1312 1501 XVlls.

566 1591 705 1665 Titulus
721 1594 821 1667 etiarn
829 1595 1024 1688 fundationis
1042 1593 1082 1667 de
1104 1593 1230 1669 mundo
1248 1589 1431 1668 meliorest
1449 1591 1490 1666 td
1505 1589 1751 1691 justificandam
1765 1591 1901 1691 ejusmod

453 1686 680 1789 possessonem
697 1692 919 1790 undequaque
942 1695 1093 1766 idoneus.
1144 1697 1237 1765 Sicut
1258 1699 1346 1765 enim
1371 1689 1564 1790 possessores
1583 1695 1808 1766 Detimsrum
1827 1697 1901 1792 iupa

324 1843 326 1848 -
452 1795 503 1881 gis
520 1790 720 1887 plerumque
736 1795 797 1888 Jus
814 1793 1006 1863 nominandi
1027 1793 1060 1864 dt
1078 1789 1295 1888 presentandi
1310 1791 1504 1863 Minillrum
1525 1789 1662 1888 insuper
1680 1813 1855 1874 exercent.
1883 1794 1901 1864 it

453 1887 603 1958 Ecclefio
621 1888 704 1968 ille,
729 1890 818 1984 quod
835 1893 868 1960 in
885 1892 980 1984 Pagis
992 1891 1172 1962 Nobilium
1188 1886 1448 1983 frequentissime
1463 1893 1562 1961 etiam
1578 1890 1718 1972 accidit,
1744 1911 1765 1961 n
1782 1891 1901 1962 Derisor

455 1982 585 2056 toribus
601 1987 665 2056 illis
683 1981 843 2070 fundate,
872 1989 902 2060 dr
923 2015 986 2084 pro
1003 1987 1212 2060 sustentando
1227 1988 1360 2058 aliunde
1375 2012 1414 2059 er
1429 1987 1525 2058 bonis
1540 1986 1641 2084 plerto
1658 1985 1692 2058 dt
1708 1986 1856 2058 allodrsll
1869 1991 1901 2084 Jr

452 2083 553 2154 read
579 2081 666 2179 ipsos
692 2085 937 2180 pertinentibus
963 2087 1081 2158 dotare
1105 2083 1260 2183 presumi
1283 2081 1437 2181 possunt,
1465 2085 1587 2180 quibus
1610 2081 1749 2157 tticiffim
1776 2087 1901 2157 Decimi

451 2185 552 2253 etiam
570 2179 643 2279 poll
662 2184 850 2254 Concilium
875 2189 1029 2260 Lateran.
1051 2184 1106 2255 sbi
1123 2181 1324 2282 preservare
1340 2205 1407 2252 tant
1434 2183 1603 2276 integrum
1619 2177 1716 2256 fuisse
1732 2179 1901 2268 censeridl

452 2277 530 2362 bet,
555 2305 654 2376 quant
671 2284 777 2352 cuivis
799 2276 969 2354 fundatori
989 2287 1137 2379 permitti
1154 2281 1234 2352 solet
1253 2277 1440 2351 fundationi
1454 2277 1517 2351 suae
1533 2284 1640 2374 Leges
1658 2281 1692 2352 ἃ
1709 2280 1901 2354 conditione

453 2378 531 2451 licet
544 2383 619 2476 Jutr
636 2383 804 2449 communi
821 2377 962 2474 politico
979 2381 1057 2450 olias
1073 2382 1272 2460 contrarias,
1302 2377 1456 2474 adjicere.
1506 2375 1775 2450 Fundationibus
1788 2377 1901 2473 ejustrtr

453 2477 487 2546 di
509 2473 794 2570 frequentioribus
815 2479 967 2574 capellas
985 2479 1164 2550 Nobilium
1181 2479 1251 2547 ruri
1270 2478 1304 2546 in
1321 2475 1432 2548 castris
1449 2476 1632 2548 eorundem
1649 2472 1744 2560 stas,
1764 2501 1842 2572 ‚qut
1857 2472 1901 2546 seu

453 2572 512 2646 fim
537 2571 630 2642 ousia
654 2569 789 2644 familiae
817 2573 848 2644 dr
878 2575 1052 2647 hominum
1077 2575 1211 2647 suorum
1236 2579 1457 2671 propriorum
1480 2572 1697 2647 multitudine
1716 2577 1751 2644 in
1773 2570 1901 2644 Ecclesia

451 2668 646 2768 publicas&
666 2671 876 2747 Parocltioles
892 2696 1025 2747 mutate
1042 2671 1121 2757 siut,
1145 2671 1254 2744 anl'atn
1272 2673 1452 2746 &instrunt
1468 2668 1609 2758 dedisse,
1632 2673 1702 2773 jans
1716 2669 1817 2773 supra
1833 2673 1901 2766 §.ll

447 2767 658 2871 prelibatum
677 2764 754 2851 suit.

1091 2908 1121 2999 l·
1170 2903 1283 2981 trix,

567 3079 621 3148 De
640 3080 810 3172 Ptioilcgit
823 3098 904 3148 nero
923 3076 1055 3164 Papali,
1083 3071 1248 3171 supposita
1271 3077 1488 3147 Decimatum
1510 3097 1549 3148 ert
1563 3076 1648 3171 Jure
1661 3096 1758 3149 mere
1771 3068 1901 3149 Eccless

451 3172 532 3249 ilico
548 3176 770 3256 inllitutione,
797 3180 828 3243 in
845 3176 1019 3267 principiis
1038 3176 1329 3245 Detretolillarum
1346 3179 1419 3271 quis
1434 3173 1591 3245 dubitet?
1614 3178 1707 3245 Nam
1724 3174 1804 3244 licet
1825 3180 1855 3242 in
1870 3172 1901 3242 hi·

453 3278 543 3347 Lsiti
570 3278 661 3371 Juris
687 3271 883 3343 Decimandi
907 3292 1062 3363 tanqusnt
1086 3269 1266 3364 spiritualis
1289 3278 1320 3344 d·
1345 3297 1485 3369 propter
1508 3270 1736 3343 Minislerium
1758 3270 1901 3370 spiritual

453 3365 1765 3562 {llll‘ll{llll“{‚lll3:¹2l‘llllllllllllllllllll?
1784 3366 1902 3539 ‘iiis

452 3586 514 3637 nus
534 3494 673 3639 Clesitis
697 3492 927 3662 aequipalare‚
954 3560 1035 3633 scut
1059 3566 1180 3661 adjus
1206 3496 1399 3637 saironatcs
1423 3590 1516 3661 arque
1538 3570 1606 3635 imo
1627 3590 1733 3659 magra
1758 3518 1901 3663 spirituali

452 3688 511 3735 eos
533 3690 649 3737 omncs
671 3666 815 3757 generali
838 3666 931 3771 Juris
947 3660 1157 3734 Ecclefiaslici
1181 3661 1392 3759 dispositione
1414 3663 1481 3758 jam
1502 3662 1692 3736 habilitates
1710 3660 1775 3736 esse
1791 3658 1901 3734 conlltr

453 3768 587 3857 Quanta
607 3760 709 3833 suerit
730 3764 926 3833 Pontiltcum
947 3766 980 3830 in
999 3762 1218 3832 concedendis
1243 3766 1314 3832 altis
1337 3764 1519 3855 privilegiis
1537 3762 1756 3857 prodigalitas
1774 3758 1842 3857 poll
1857 3762 1901 3827 De

453 3858 591 3931 cretalcs
617 3857 786 3939 indutias,
812 3882 911 3931 nemo
927 3856 992 3939 esl,
1026 3860 1083 3951 qui
1105 3862 1248 3951 ignoret.
1300 3860 1353 3930 Ab
1377 3860 1427 3928 ltis
1452 3883 1532 3928 vero
1550 3862 1643 3955 Jurts
1667 3856 1861 3931 Decimaudi
1881 3860 1901 3923 it

451 3960 570 4030 Laicos
593 3958 792 4028 translativis
816 3960 914 4027 etiarn
941 3952 1013 4049 poll
1031 3960 1219 4029 Concilium
1238 3953 1454 4027 Latertncnse
1474 3980 1531 4025 cos
1555 3955 1611 4027 libi
1633 3954 1829 4053 temperasse
1849 3954 1901 4049 quil

452 4059 626 4129 autumctl
650 4054 886 4150 Expeditiones
900 4056 1054 4125 cruciata
1074 4054 1106 4125 dt
1123 4056 1207 4125 bella
1227 4052 1380 4126 adversus
1402 4052 1552 4123 inlidelcs
1577 4052 1724 4150 suscepta
1742 4056 1795 4125 ltis
1816 4050 1901 4126 ansau

450 4153 535 4253 sepe
551 4154 714 4226 dederuut
731 4150 782 4251 a).
832 4154 885 4224 De
901 4152 1183 4225 Aveuiootnstbus
1207 4151 1280 4225 sanc
1301 4150 1514 4224 Pontificibus
1530 4151 1615 4249 julla
1635 4152 1681 4226 ell
1699 4150 1901 4315 praelumptlp

494 4420 534 4505 a)
559 4418 666 4482 Refert
686 4416 900 4481 Enstnstusr„
926 4413 1121 4478 Gortzsrsz
1144 4418 1177 4477 in
1206 4420 1428 4481 Commentario
1451 4418 1584 4500 Capituli
1604 4416 1702 4481 XIX.
1724 4418 1762 4481 de
1780 4416 1899 4483 Desinit

568 4502 655 4582 qood
670 4500 803 4563 Romani
821 4497 991 4562 Pontifices
1008 4496 1215 4563 concesserint
1231 4505 1339 4563 tertias
1356 4502 1554 4565 llecimatum
1572 4497 1713 4581 Regibus
1732 4499 1900 4563 Catholicis

566 4585 620 4663 qui
637 4585 766 4665 proprio
781 4582 931 4663 sanguine
949 4579 982 4640 dr
1005 4582 1151 4643 maximis
1167 4584 1340 4665 sumptibus
1362 4584 1516 4647 Ecclesiae
1537 4603 1553 4644 t
1570 4580 1735 4647 Saracenis
1755 4594 1901 4663 occupata

569 4676 813 4752 recuperatuot;
837 4660 1000 4749 asseritque
1013 4660 1133 4746 Regem
1155 4666 1356 4732 Catholicurn
1372 4668 1404 4731 iu
1420 4666 1565 4751 Hispania
1580 4686 1624 4730 ex
1645 4684 1768 4733 acervo
1787 4666 1901 4733 Decima

1860 4762 1901 4811 sul
