4784 5550
418 609 686 696 raouctuts
703 609 799 690 rua
813 603 1172 688 aouotsstuuu
1186 606 1390 686 Taurus
1408 607 1758 696 tunusrruuc.
1773 641 1846 717 477

418 823 453 871 m
471 794 804 870 indeterminatorum
819 815 838 862 c
854 792 928 865 iure
949 789 1158 874 decimandi,
1189 789 1319 864 nullum
1338 784 1483 864 formari
1499 789 1847 889 posseargumenrum

418 897 549 977 iemur;
584 905 687 987 quum
710 912 819 986 neque
845 884 993 984 praefato
1026 888 1139 959 locrrii
1169 884 1381 960 uniformitas
1407 890 1732 985 praesumptionem,
1761 919 1848 992 quae

418 987 699 1065 ›rniuersalirate
723 990 805 1059 iuris
829 987 1013 1058 decimcndi
1040 986 1182 1069 militar,
1221 985 1358 1071 tollere,
1398 1010 1455 1061 rur
1476 991 1529 1063 iur
1555 991 1761 1079 decimandi,
1792 995 1848 1066 cui

418 1112 587 1187 iecurque
603 1084 797 1162 animalium
812 1084 935 1183 species
962 1081 1100 1166 subssrt,
1126 1088 1278 1158 minuere
1292 1083 1411 1157 relect.

942 1298 975 1381 §.
1026 1291 1195 1367 xL111.

486 1469 580 1541 sicut
602 1466 716 1561 itaque
740 1462 921 1536 decimator
941 1460 1111 1534 fundarem
1133 1488 1196 1560 pro
1215 1460 1247 1536 se
1267 1460 1367 1538 haber
1383 1462 1623 1546 intentionenr,
1650 1464 1740 1561 quod
1762 1465 1853 1562 decig-
1974 1459 1981 1480 '

418 1587 447 1638 te
462 1565 656 1636 animalium
672 1559 905 1632 'universaliter
921 1559 981 1655 ips
1002 1563 1221 1659 compctcn't:
1255 1563 1301 1632 ito
1318 1586 1403 1632 oour
1420 1562 1625 1657 probationis
1650 1565 1682 1632 io
1703 1561 1850 1638 decima·

419 1685 439 1734 a
469 1659 718 1736 deuoluendum
741 1655 802 1739 est,
836 1682 871 1729 vt
895 1659 1052 1750 doceant.
1085 1662 1288 1750 canonicum
1316 1682 1357 1731 eo
1382 1682 1558 1752 ternpore,
1592 1685 1659 1754 quo
1683 1662 1716 1730 in
1733 1684 1851 1734 narura

418 1785 442 1833 n
470 1783 542 1833 tum
558 1759 777 1851 erratumque
793 1750 877 1838 fuir,
900 1755 939 1827 'ad
961 1754 1147 1854 praetensas
1168 1755 1362 1827 animosium
1380 1754 1504 1850 species
1521 1778 1648 1827 tantum
1671 1757 1849 1831 limitarunt

448 1885 489 1942 e,
523 1880 579 1929 aur
603 1856 840 1926 decimatorem
865 1852 1042 1948 spontanea
1060 1857 1142 1925 iuria
1164 1853 1322 1925 illimitari
1344 1855 1608 1935 renuntiatione,
1641 1879 1740 1948 quam
1762 1854 1849 1928 solur
1976 1933 1990 1956 „

418 1955 483 2030 sua
505 1955 694 2047 temporis,
719 1946 972 2046 uniformesque
987 1956 1060 2026 eiua
1083 1976 1166 2023 cum
1184 1952 1372 2024 decimariis
1394 1952 1468 2021 initi
1498 1949 1687 2023 contrarius
1706 1978 1771 2023 non
1798 1977 1848 2024 ac·

418 2076 500 2136 unt,
519 2055 569 2123 ius
588 2051 776 2121 decimarirs
795 2047 975 2144 quaestum
994 2047 1216 2148 prohibendi,
1230 2072 1273 2123 nc
1290 2048 1494 2123 carnaticum
1508 2047 1593 2124 vltra
1610 2047 1767 2146 quasdam
1777 2047 1849 2148 spe·

418 2177 437 2228 r
455 2149 630 2234 extendat,
646 2141 856 2226 constituisse.

903 2305 905 2309 ·
993 2305 1027 2412 t.
1076 2309 1232 2418 xciv.

491 2484 587 2573 Qure
602 2498 705 2574 quum
722 2475 766 2544 ita
784 2469 862 2555 sint,
888 2467 985 2546 facile
1010 2478 1239 2572 enusquisque
1258 2471 1442 2566 intelligar,
1467 2468 1612 2546 nosirant
1638 2470 1847 2552 assertionem

421 2580 557 2656 ionibus
575 2599 664 2647 certe
685 2567 918 2642 sufficientibus
936 2573 1098 2655 innixam,
1125 2571 1304 2666 &legibut
1324 2573 1485 2667 prauique
1503 2573 1641 2665 Imperii
1660 2598 1759 2669 quant
1778 2599 1848 2646 nra·

418 2703 461 2754 ne
487 2676 741 2749 conuenientem
761 2666 837 2741 csse.
889 2672 1003 2762 Qare
1027 2669 1181 2742 resolutis
1199 2671 1361 2764 insuper,
1387 2694 1472 2762 quae
1492 2668 1659 2740 aduersari
1682 2693 1849 2766 poterant,

418 2774 616 2857 rdanrcuria,
632 2766 879 2851 concludimur:
908 2769 965 2837 lua
980 2770 1014 2838 in
1035 2792 1152 2841 natura
1170 2767 1501 2857 decimar·exigendi‚
1520 2762 1564 2836 ob
1581 2763 1685 2837 iirniie
1700 2793 1763 2863 per
1778 2771 1851 2841 ion·

418 2872 539 2947 simum
562 2890 695 2963 tempus
718 2861 912 2962 praestitum
937 2862 1122 2944 locarium,
1154 2856 1273 2959 neque'
1287 2855 1460 2942 imminui,
1490 2884 1600 2955 neque
1617 2863 1757 2941 excludi,
1807 2865 1849 2936 ld

418 2976 465 3047 im
486 2968 686 3051 suadet‘iua,
708 2960 798 3057 qaod
815 2964 848 3030 in
876 2960 1042 3034 locatione
1063 2960 1284 3035 condussione
1308 2957 1605 3056 praescriptionem
1625 2959 1793 3042 annullet,
1811 2961 1848 3031 id

418 3066 521 3171 poscit
543 3065 757 3138 humanitctis
771 3062 877 3142 racio,
897 3058 1137 3139 reliberrlitar
1149 3084 1186 3137 rc
1206 3055 1423 3137 beneficentia
1433 3058 1468 3131 in
1485 3055 1656 3154 largientir
1665 3059 1851 3133 incommo-

418 3164 511 3245 n&
534 3186 619 3244 oaur
638 3159 888 3258 detorqueatur.
