4784 5550
476 622 550 700 nn
577 571 881 696 innocuos
908 617 1141 736 ennesii:
1167 585 1340 712 occini
1366 619 1656 738 nopueiiuiu
1681 623 1748 701 oc.
1802 650 1846 724 ι,
1954 661 1958 668 ·

357 827 470 880 menta
491 799 672 900 suprejam
693 800 753 872 res
771 798 886 874 onsum
907 796 993 897 suit)
1016 800 1141 898 aliquid
1164 795 1283 880 inserti
1307 803 1424 898 potest.
1479 809 1517 899 3)
1545 802 1725 892 Transeat,
1753 803 1847 900 quod

358 909 391 979 in
405 900 663 1001 Episcopatibos
678 827 890 996 Weslphalite
905 903 1012 991 Reges
1028 923 1135 972 certas
1152 902 1307 970 Decimus
1325 904 1541 987 retinuerint,
1569 907 1619 976 he
1641 905 1731 976 enirn
1748 899 1845 977 suere

358 1003 528 1088 Laicsles,
554 1024 615 1070 nec
630 1022 807 1089 negamus,
833 995 926 1069 fiscos
945 998 1067 1088 Regios
1083 994 1162 1068 sicut
1179 1001 1212 1067 in
1231 997 1303 1070 eliis
1320 1004 1521 1095 provinciis,
1548 999 1590 1072 sc
1606 1002 1641 1073 dt
1657 1005 1693 1072 in
1707 1003 1848 1075 Saxonis
1867 1061 1870 1066 .

359 1103 545 1175 aDccimis
566 1094 796 1167 Ecclefiaslicis
819 1090 913 1165 fuisse
934 1094 1093 1176 Liberos,
1117 1119 1234 1166 verum
1262 1121 1386 1191 preter
1408 1098 1503 1171 hasce
1521 1101 1678 1170 Decimus
1699 1100 1847 1186 laicales
1920 1147 1927 1166 i

360 1201 514 1296 plurime
532 1196 566 1267 di
582 1191 752 1289 potissime
768 1217 876 1265 tamen
891 1216 986 1264 erant
1011 1191 1240 1265 Ecclesiasticae
1262 1198 1491 1285 originetcnus
1514 1198 1554 1267 ad
1572 1195 1756 1294 Episcopus
1779 1196 1853 1293 spec

360 1295 528 1392 slantes„¹
551 1297 761 1364 Dumautem
777 1293 821 1383 4)
839 1296 883 1363 ait
900 1296 924 1361 R
937 1298 958 1360 ὃ
969 1312 994 1363 Η
1005 1312 1064 1361 ΜΕ
1075 1310 1097 1362 lc
1108 1311 1131 1362 υ
1144 1311 1182 1373 S,
1209 1293 1300 1386 quod
1316 1291 1454 1365 subinde
1471 1295 1548 1390 ipse
1558 1293 1708 1368 Eeclcbae
1721 1290 1851 1368 fuerint

361 1393 539 1466 decimales
553 1394 602 1463 uti
618 1391 650 1463 dt
666 1393 699 1461 in
715 1391 925 1480 Thuringis,
952 1390 984 1461 dt
1008 1386 1116 1482 licius
1137 1389 1325 1461 decimandi
1348 1389 1593 1489 Episcoporom
1616 1418 1683 1464 non
1699 1395 1850 1489 potuerit

361 1489 419 1565 else
434 1489 641 1571 stabilitum,
667 1488 799 1585 prodit,
825 1489 915 1582 quod
933 1488 1112 1582 nequidem
1129 1484 1223 1567 sciat,
1253 1488 1333 1584 quid
1351 1513 1413 1586 per
1434 1489 1593 1565 Ecclesas
1609 1490 1786 1563 decimales
1799 1493 1849 1562 io·

361 1591 550 1685 telligatur,
576 1612 642 1658 non
663 1589 752 1657 enim
768 1609 871 1681 prout
877 1609 998 1753 putat,
1022 1581 1163 1658 Eccleba
1186 1588 1366 1658 Decimalis
1383 1585 1429 1659 est
1446 1588 1521 1671 illa,
1546 1614 1620 1685 que
1642 1586 1738 1662 solvit
1757 1589 1849 1661 dcci·

361 1713 448 1770 mas,
473 1685 529 1758 sed
543 1688 597 1757 cui
617 1684 861 1755 aParochianis
890 1682 1048 1754 olvuntor
1065 1685 1231 1774 Decime,
1258 1686 1339 1756 tales
1363 1709 1473 1760 autem
1491 1684 1641 1762 Ecclesia:
1664 1711 1741 1760 cum
1759 1688 1849 1762 decia

365 1790 446 1870 mia,
468 1807 571 1883 prout
589 1778 677 1854 infra
691 1780 895 1864 deducetur,
922 1775 1164 1885 speslabuatad
1185 1781 1381 1880 Episcopus.

475 1915 602 2014 Qioad
617 1924 707 1986 6tnm
722 1913 917 1988 conceditur
936 1914 1085 1987 Clericos
1108 1940 1173 1987 non
1194 1912 1341 1989 babuisse
1362 1919 1518 1990 Decimus
1533 1915 1657 1993 Eccles.
1680 1914 1851 1991 inmensis

364 2017 476 2109 Regiis
497 2014 815 2095 &indominicatis,
833 2014 880 2108 g)
906 2014 982 2086 Sive
1006 2014 1087 2085 tales
1104 2012 1144 2084 ab
1164 2011 1242 2110 ipss
1264 2014 1411 2108 Regibus
1431 2009 1557 2089 fuerint
1578 2013 1723 2113 possess,
1749 2013 1851 2090 sves

361 2112 501 2188 Vascllis
516 2118 645 2205 Regem
660 2110 992 2207 representantibus,
1025 2112 1056 2181 dr
1086 2109 1126 2181 stc
1143 2136 1203 2182 nec
1223 2114 1413 2183 mirandum
1436 2115 1607 2210 Principes
1630 2115 1663 2187 di
1686 2110 1855 2211 Dynallaa'

364 2216 441 2288 tales
463 2213 653 2283 villiacum
669 2212 818 2280 Decimis
836 2210 876 2278 ad
892 2209 1008 2280 talium
1024 2208 1178 2279 villarum
1202 2208 1345 2281 bannum
1364 2208 1586 2305 speuantibus
1604 2211 1736 2282 donasse
1755 2210 1851 2307 saepi·
1919 2217 1925 2226 '

365 2338 400 2386 oa
421 2308 578 2383 Ecclesiia
600 2310 634 2379 dt
655 2305 887 2389 Monaslcriia,
922 2331 961 2379 ex
981 2308 1044 2376 boc
1066 2330 1176 2377 autem
1200 2332 1266 2377 non
1291 2305 1459 2405 sequitur,
1493 2331 1597 2407 prout
1624 2306 1752 2381 inferre
1776 2309 1851 2382 vult

364 2414 490 2483 liberes
501 2427 522 2479 e
534 2425 637 2488 eus,
663 2428 779 2477 omncs
793 2406 951 2477 Decimus
966 2401 1153 2475 indislinsle
1175 2401 1330 2499 speslasse
1346 2404 1387 2477 ad
1403 2404 1551 2477 bannum
1567 2403 1723 2479 villarum
1746 2402 1858 2479 dese*

366 2510 492 2582 culares
505 2500 624 2586 fuisse,
652 2500 788 2599 &qood
803 2510 832 2573 A
846 2521 1048 2574 ricoinus
1064 2502 1107 2575 de
1121 2503 1213 2573 laicis
1230 2505 1387 2575 Decimae
1405 2501 1640 2577 Ecclesiasticas
1658 2502 1777 2600 injasse
1793 2527 1853 2578 oca

366 2604 563 2706 stipantibus
579 2602 755 2700 loquatur,
779 2623 871 2695 pater
885 2600 1073 2695 perlegenti
1091 2601 1243 2697 adeoque
1256 2601 1399 2677 ridicule
1414 2601 1532 2678 exinde
1546 2601 1730 2678 deducitur·
1748 2627 1854 2699 argus
1893 2600 1900 2614 ’

364 2728 511 2783 meatum
527 2703 687 2776 Decimus
699 2701 926 2792 originetenus
945 2692 1009 2770 else
1022 2696 1206 2777 seculares.

480 2856 561 2935 ymo
574 2858 693 2908 vetum
709 2829 772 2915 ell,
796 2833 887 2930 quod
902 2830 1059 2931 Episcopi
1079 2833 1182 2907 multe
1204 2832 1291 2907 bona
1315 2831 1434 2910 fiscalia
1455 2863 1474 2911 a
1494 2834 1644 2931 Regibus
1661 2835 1852 2935 acceperint

369 2960 440 3013 enm
454 2936 570 3011 banno
583 2935 692 3027 Regio
711 2931 834 3027 &jure
847 2933 1065 3015 Decimandi,
1090 2934 1184 3030 cnjus
1198 2933 1295 3030 plura
1315 2934 1468 3032 exempla
1488 2931 1577 3011 insta
1599 2937 1851 3033 producentur,

368 3059 482 3110 verum
501 3035 554 3106 ht
569 3035 718 3104 Decime
730 3033 958 3123 ariginctanus
974 3031 1121 3102 Laicalea
1137 3030 1331 3126 particulari
1348 3034 1448 3106 titulo
1466 3029 1629 3128 possesse,
1655 3050 1770 3130 paucae
1788 3043 1853 3103 'nu-

368 3158 461 3209 mero
481 3154 577 3205 etant
593 3127 709 3202 habito
734 3125 886 3225 respesiu
907 3127 947 3198 ad
968 3132 1124 3200 Decimae
1147 3127 1367 3212 universales,
1399 3156 1473 3227 que
1492 3129 1568 3229 ipsis
1589 3155 1655 3228 qua
1676 3126 1853 3228 Episcopis

367 3228 622 3328 competebant,
648 3251 708 3298 nec
723 3223 828 3299 obstat
844 3224 1084 3299 universalitati
1105 3228 1182 3298 huic
1205 3227 1411 3300 decimarum
1430 3233 1493 3326 Jus
1517 3233 1598 3301 Can.
1614 3228 1854 3327 parocbisDe·
1964 3240 1972 3250 ’

368 3333 474 3402 cimas
488 3327 653 3408 tribuens,
686 3350 762 3397 cum
786 3326 873 3397 circa
893 3324 958 3397 hoc
977 3346 1078 3423 ceput
1096 3326 1131 3396 in
1150 3328 1320 3420 germania
1342 3351 1514 3425 nunquam
1534 3321 1639 3435 fuerit
1654 3348 1853 3425 receptum,

371 3426 497 3524 dequo
515 3421 616 3497 fufius
635 3419 733 3494 infra.

487 3557 608 3655 Qroad
625 3569 724 3639 avum
739 3553 825 3652 julie
842 3554 999 3654 Episcopi
1022 3556 1075 3650 jus
1095 3556 1189 3630 suum
1205 3557 1247 3629 ed
1270 3557 1415 3631 decimas
1438 3554 1677 3632 Ecclesiasticus
1699 3578 1767 3630 tam
1791 3578 1855 3653 per

370 3662 522 3735 canones
537 3680 638 3753 quam
659 3678 826 3752 precepta
841 3657 945 3747 Regia
961 3653 1140 3728 stabilitum
1154 3655 1344 3751 urgebant,
1375 3653 1467 3730 resb'e
1488 3655 1723 3755 proponebant
1743 3654 1855 3725 Laicis

369 3757 449 3829 sales
465 3756 624 3827 Decimas
638 3752 706 3826 sine
721 3752 819 3825 titulo
841 3751 1031 3849 usurpatas,
1067 3752 1108 3826 dc
1130 3779 1199 3851 quo
1221 3751 1327 3836 infre,
1363 3751 1428 3828 line
1451 3778 1587 3853 peccato
1607 3750 1763 3852 poffideri
1787 3775 1855 3823 non

369 3852 476 3954 posse,
502 3849 704 3926 salfissimum
722 3874 832 3923 autem
847 3849 912 3934 esi,
935 3852 1025 3948 quod
1043 3876 1106 3948 per
1118 3855 1267 4022 artesch)
1291 3857 1448 3927 Decimae
1463 3857 1693 3948 originetenus
1705 3850 1857 4016 Esicelep
1910 3925 1917 3931 ,

1259 3976 1278 4021 2
1812 3971 1831 4019 a
1921 3960 1939 3975 ‘⁸

410 4125 456 4208 g)
480 4114 571 4180 Licet
593 4117 677 4181 enim
698 4113 831 4181 Carolus
856 4116 899 4182 Μ.
922 4115 1101 4181 Secundum
1122 4117 1211 4200 sopra
1233 4118 1367 4183 dedusia
1388 4082 1575 4202 preceperit
1591 4121 1687 4185 etiam
1705 4115 1857 4181 debonis

486 4199 632 4264 fiscalinia
651 4197 819 4264 solvendas
834 4199 895 4263 effe
909 4200 1076 4274 Decimae,
1106 4202 1301 4286 probabilius
1320 4212 1426 4266 tamen
1443 4203 1642 4286 sequentibus
1658 4200 1857 4284 temporibus

476 4300 553 4344 mon
572 4280 635 4345 suit
653 4281 868 4347 observatum.

414 4404 456 4477 li)
480 4400 553 4466 Non
575 4392 730 4482 aeg'amus
756 4400 834 4467 ficut
860 4403 893 4466 in
913 4402 1082 4473 omnibus,
1109 4398 1151 4463 lic
1169 4398 1203 4462 de
1229 4402 1260 4465 in
1281 4388 1466 4465 inducendis
1481 4404 1580 4467 variis
1601 4399 1728 4485 populis
1743 4400 1780 4463 ad
1795 4397 1859 4461 sol·

487 4484 609 4546 vendas
624 4485 763 4547 decimas
783 4485 887 4567 quoad
906 4487 1036 4548 modum
1055 4485 1221 4547 hincinde
1241 4481 1331 4547 suisse
1350 4483 1493 4547 excessus
1515 4484 1697 4550 commissos
1719 4505 1736 4544 a
1760 4485 1858 4545 variis
1912 4534 1924 4549 .

486 4566 639 4637 Clericis,
663 4567 716 4649 qui
744 4566 953 4632 adhibuerunt
973 4566 1051 4629 illud
1076 4567 1247 4647 adagium:
1278 4566 1428 4649 quodvis
1458 4588 1519 4629 non
1544 4571 1669 4652 potuit,
1690 4562 1786 4648 frons
1803 4567 1859 4646 pie

481 4646 556 4732 feeit
571 4667 660 4733 opas.
701 4649 860 4734 Adeoque
877 4649 1012 4715 uenient
1036 4651 1141 4715 varias
1155 4648 1305 4721 homilias
1326 4647 1474 4715 Decimae
1496 4670 1538 4715 ex
1556 4651 1627 4734 Jure
1652 4650 1767 4744 diuino
1779 4664 1861 4792 prae·
1975 4684 1983 4702 ·

920 4760 926 4769 ·
1739 4746 1789 4811 cip
1802 4743 1860 4795 ene
