4784 5550
403 639 523 726 '240
896 621 1478 707 utssuu'rnrto
1569 625 1615 716 J

1025 767 1100 909 'n
1149 804 1309 882 xtttt.
1700 869 1712 888 ,
1831 829 1860 892 a

564 941 739 1042 Quidquid
752 945 921 1020 Catholici
936 947 972 1019 in
995 940 1283 1018 Pacificationibur
1303 938 1490 1034 Religionis
1507 933 1612 1012 crull'a
1636 938 1731 1016 initia
1746 941 1890 1016 laxata

449 1043 502 1116 SE
528 1066 593 1115 non
617 1041 860 1126 concesserunt,
903 1045 938 1116 id
961 1063 1061 1116 omne
1089 1039 1535 1136 Protellantibua'negatttm
1560 1035 1625 1110 else
1645 1036 1849 1114 censendum
1869 1067 1890 1114 et

448 1143 521 1210 Iatn
539 1163 618 1212 vero
634 1165 769 1236 praeter
787 1141 949 1212 indultam
968 1144 1145 1212 nominatis
1161 1143 1194 1210 in
1219 1137 1364 1230 Legibus
1382 1137 1532 1230 personia
1555 1139 1818 1219 Autonomiam.
1843 1163 1890 1235 qut

448 1236 497 1308 nil
516 1237 605 1309 aliud
621 1236 686 1320 cll,
712 1263 812 1332 quam
828 1235 966 1309 facultas
982 1238 1138 1310 credendi
1155 1261 1192 1308 ea
1210 1260 1295 1331 quae
1312 1235 1444 1326 Religio
1466 1238 1501 1306 in
1523 1237 1674 1329 Imperio
1697 1235 1838 1307 tolerata
1856 1263 1890 1310 cn

449 1333 558 1406 denda
573 1333 787 1432 praescribit,
813 1340 1006 1432 neutiquam
1026 1361 1107 1407 vero
1124 1356 1179 1405 aut
1199 1337 1232 1403 in
1248 1330 1531 1404 Pacificationibus
1546 1330 1757 1424 Religionis,
1780 1357 1836 1406 attt
1848 1339 1890 1408 Cr

318 1511 321 1516 ,
448 1429 529 1502 satis
552 1455 584 1504 ct
606 1437 758 1506 Statuum
787 1435 1040 1504 catholicorum
1071 1430 1350 1502 declarationibus
1377 1453 1534 1526 tanquam
1560 1454 1669 1502 nouur
1694 1431 1770 1502 iura
1796 1437 1890 1528 legirir

440 1526 560 1610 ,antiisa
577 1531 796 1622 recuperandi
819 1531 938 1601 ntudus
963 1529 1009 1602 est
1033 1533 1161 1622 agnita.
1196 1523 1455 1598 Protelltntibuc
1477 1527 1661 1622 quidquam
1687 1526 1890 1620 legaliterel

449 1625 614 1698 tributum
640 1629 728 1697 haud
749 1626 889 1708 constat,
928 1631 1078 1722 adeoque
1100 1651 1159 1698 nec
1189 1628 1291 1697 iidem
1312 1629 1537 1695 Autonomiae
1558 1647 1658 1720 atque
1681 1625 1890 1725 Dispensatiet

450 1720 620 1794 Pontificio
645 1723 783 1796 adscribi
805 1722 937 1823 possunt
959 1724 1122 1807 elsetlus,
1161 1720 1215 1794 sed
1239 1721 1326 1794 salua
1348 1746 1460 1794 manet
1488 1721 1655 1816 firmoque
1680 1723 1742 1796 slat
1761 1725 1890 1798 taloiut

448 1821 639 1892 communia
654 1821 786 1914 regula:
816 1847 882 1894 non
899 1823 970 1894 dari
984 1823 1127 1917 amplius
1141 1822 1180 1891 ad
1199 1825 1270 1891 iuro
1287 1823 1477 1893 renunciata
1494 1817 1716 1912 regrelsutn*.
1767 1827 1890 1922 Qtrmi

451 1941 524 1988 tent
539 1922 665 2014 optime
681 1917 805 1993 disserit
818 1909 932 2000 Celeb.
946 1921 1210 2000 Seltrodtiur**,
1237 1918 1438 2008 “illegaliter
1452 1919 1589 2012 quidem
1609 1943 1709 2010 agere
1724 1923 1840 2006 lCtor,
1858 1945 1890 2020 qt

452 2038 575 2098 „aurae
589 2015 791 2090 velificantes
814 2022 902 2089 eirea
924 2019 1236 2114 interpretationem
1263 2020 1298 2089 P.
1324 2021 1376 2086 W.
1401 2037 1528 2086 tantum
1550 2017 1742 2099 attendunt,
1775 2019 1890 2116 quidm

453 2111 529 2194 „vel
545 2114 639 2185 alteri
662 2115 829 2208 Religioni
855 2115 893 2187 stt
917 2113 1125 2212 proficuum,
1159 2137 1303 2184 attamen
1325 2109 1448 2184 saluam
1469 2137 1603 2185 manete
1623 2116 1794 2206 regulam:
1822 2121 1890 2212 Dilp

452 2209 611 2292 ..dritten
626 2217 716 2282 Petit
736 2214 958 2307 Wellpbclicae
972 2221 1063 2285 vitra
1077 2215 1173 2284 veria
1189 2233 1220 2283 et
1240 2217 1403 2282 Tradetur
1418 2237 1475 2282 nott
1498 2211 1553 2303 effe
1568 2217 1803 2288 extendendam.
1849 2217 1890 2286 tn

453 2310 513 2390 ,uti
528 2306 669 2388 constat.
695 2314 806 2406 pergit
822 2309 1020 2382 VirClarill.
1036 2336 1073 2381 ex
1090 2307 1239 2405 sequenti
1253 2308 1424 2401 exemplo:
1450 2309 1745 2404 thmadmodum
1761 2313 1890 2406 rigorcl

454 2409 534 2486 „W.
550 2409 691 2476 mutatio
708 2407 890 2500 Religiouia
915 2407 1025 2498 (saluo
1042 2405 1223 2479 Rel'eruato
1247 2403 1479 2496 eccleliallico)
1494 2431 1561 2475 non
1577 2403 1623 2478 eil
1642 2409 1765 2480 modua
1779 2415 1890 2482 emittet

454 2500 512 2582 „di
531 2503 581 2572 ius
597 2499 798 2596 quaesitum,
823 2507 869 2576 ita
887 2506 981 2577 nullo
997 2507 1071 2577 loeo
1091 2501 1136 2576 cll
1153 2502 1327 2576 delinitum
1347 2507 1565 2574 mutationem
1587 2506 1773 2600 Religionis
1791 2505 1890 2580 essert

455 2598 604 2680 „tionem
624 2603 841 2695 recuperandi
867 2603 917 2673 ius
932 2599 1099 2684 amissum,
1135 2600 1202 2672 stuc
1224 2601 1373 2692 legitime
1395 2601 1601 2684 abdicatum;
1636 2603 1732 2676 vnde
1748 2605 1890 2704 probetur

456 2695 569 2787 „quod
592 2694 775 2788 Religiosus
792 2699 1000 2792 Religionem
1022 2696 1112 2770 suam
1134 2697 1307 2785 deserens,
1331 2721 1364 2769 et
1384 2700 1424 2767 od
1441 2696 1542 2769 casita
1558 2699 1814 2777 Protellantium
1829 2727 1888 2776 tran

457 2798 569 2873 „iens.
595 2820 660 2865 non
683 2820 860 2892 recuperet
885 2795 1042 2879 seudum,
1072 2800 1123 2869 cui
1148 2821 1243 2870 antea
1265 2800 1298 2868 in
1326 2790 1527 2895 prolellionc
1550 2798 1704 2895 religiosa
1719 2800 1890 2876 solenniter

331 2902 336 2909 '
458 2890 605 2980 „l'tbcre,
636 2914 668 2966 et
686 2893 838 2987 legitime
861 2900 1113 2979 renunciauit.,‚

1069 3096 1104 3184 ς.
1154 3086 1310 3163 xilv,

574 3220 675 3315 Quod
691 3244 801 3294 autem
817 3218 991 3293 Ttanlitua
1012 3222 1052 3291 ad
1072 3221 1282 3312 Religionem
1305 3220 1572 3318 protellanticam
1587 3224 1677 3296 nulla
1701 3230 1832 3302 ratione
1852 3252 1888 3301 eu

455 3310 707 3409 Dispenl'attone
721 3318 838 3391 summi
859 3318 1024 3390 Pontilicis
1037 3327 1223 3415 comparari
1239 3322 1360 3401 valeat,
1386 3324 1461 3393 inde
1478 3347 1567 3417 patet
1583 3328 1635 3412 a),
1649 3330 1727 3419 quin
1748 3332 1854 3399 onmis
1871 3332 1890 3397 E

456 3410 619 3581 ptettsatio
642 3442 659 3487 a
684 3424 773 3490 votis
795 3416 920 3488 nonnis
956 3443 973 3486 a
999 3416 1159 3509 Potestate
1183 3416 1412 3499 eceleballiea‚
1447 3445 1562 3515 etpotc
1588 3425 1699 3515 quoad
1723 3422 1812 3497 litera
1841 3436 1888 3497 eni

354 3564 356 3569 .
474 3512 592 3584 undata
607 3514 643 3604 b)
656 3539 693 3585 ex
708 3512 893 3607 grauissima
911 3510 1015 3585 caussa
1032 3518 1064 3606 t)
1081 3512 1182 3584 caulsa
1200 3520 1331 3607 cognita
1349 3518 1386 3604 d)
1406 3517 1527 3588 auditis
1542 3518 1686 3613 denique
1702 3522 1763 3605 iis,
1788 3548 1890 3620 quotu

461 3612 615 3693 intetell,
641 3616 846 3705 indulgetur.
899 3616 995 3707 Qtne
1015 3614 1127 3682 omnia
1146 3612 1291 3683 exsulant
1307 3618 1340 3684 in
1355 3612 1501 3711 suscepta
1521 3640 1585 3711 pro
1599 3617 1707 3689 lubitu
1725 3644 1742 3689 a
1762 3622 1890 3693 Monarl

458 3708 634 3799 religionis
678 3715 873 3799 mutatione.
950 3714 1133 3781 Enimuero
1173 3708 1343 3807 praetensa
1386 3736 1449 3805 pet
1492 3711 1662 3785 transitum
1701 3716 1743 3786 ad
1769 3720 1890 3815 'Religi

595 3804 1251 3975 ...tl
1276 3808 1499 3976 lulli
1525 3808 1643 3979 ll.
1664 3814 1890 3985 litti

457 3906 671 4096 {tumqeeqqqqe
699 3931 820 4098 ticmpe
857 3952 994 4074 secblari
1034 3930 1312 4099 proseila,”‘.p
1372 3934 1618 4081 Ciuslapctiam
1642 3936 1890 4086 Ιιιιιιῖιεαξιάειεετεὶ

1824 4112 1890 4204 giot

498 4270 518 4311 ⁸
541 4270 577 4334 L.
593 4287 640 4353 ¹7·
659 4266 692 4350 ἕ.
706 4286 735 4331 1.
758 4266 791 4329 ff.
809 4266 848 4329 de
864 4264 1045 4345 adquiteud.
1061 4263 1126 4330 her.
1141 4264 1178 4331 L.
1188 4284 1218 4346 4.
1240 4266 1275 4332 C.
1292 4266 1332 4331 de
1350 4264 1464 4333 Pallia.

500 4388 535 4421 '⁴'
557 4385 740 4450 Dissertatio
757 4384 838 4448 lutia
851 4383 967 4466 publici
980 4362 1177 4465 inauguralia
1190 4386 1348 4465 polemico
1364 4387 1404 4449 ad
1416 4384 1629 4451 illustrandum
1645 4385 1827 4451 Articulum
1840 4396 1890 4452 vtt

574 4466 601 4531 l.
617 4468 649 4531 P.
665 4466 718 4533 W.
737 4468 852 4549 Ptagae
871 4466 961 4549 1762.
982 4484 1053 4547 pag.
1072 4485 1119 4529 11.
1135 4482 1167 4529 et
1183 4486 1230 4529 12.

500 4581 551 4625 ”⁶
573 4582 700 4663 Legatia
715 4584 968 4654 Protesttnticit.
994 4584 1047 4665 qui
1065 4584 1243 4648 illontstetii
1254 4582 1510 4665 Westpbalorum
1525 4589 1806 4649 commutabantur
1814 4584 1890 4666 ..Rei

574 4664 817 4736 Christianiffimi
834 4666 1134 4752 Pleuipotentiatiot
1150 4671 1247 4732 enixe
1272 4669 1478 4753 rogantibue.
1502 4683 1541 4733 vt
1559 4669 1679 4735 iutuitu
1693 4668 1890 4817 Resetuapqeq
