4784 5550
666 567 738 697 nr
787 611 1318 694 orrunuotttoutuus
1366 616 1698 703 uuctnnnutt.
1836 651 1909 729 431
2003 555 2008 562 Ι

430 795 491 869 die
504 794 538 866 iti
555 788 649 865 ceusu
666 757 961 865 Frenciscenorum
976 810 1093 862 contre
1111 788 1296 862 Cenonieoe
1312 789 1355 864 de·
1369 790 1400 863 le
1415 792 1600 877 Chembre,
1618 794 1683 869 hoc
1695 779 1912 895 privilegium

430 894 465 967 ed
484 892 569 964 elion
594 886 735 971 fundos,
760 912 861 984 quem
876 888 1028 981 propriis
1051 886 1204 978 menibus
1218 887 1365 961 excultor
1382 888 1414 964 se
1435 915 1502 962 non
1520 888 1610 987 posse
1629 896 1818 970 extendere.
1868 903 1913 975 Et

430 987 504 1064 sene
518 1011 586 1062 nou
602 984 647 1060 esi
663 990 749 1060 retio
769 985 966 1057 extendendi
982 983 1148 1079 ejusmodi
1167 986 1341 1079 injuriosus
1361 990 1419 1080 (ut
1436 992 1481 1060 eit
1503 993 1622 1061 Pure
1637 1010 1689 1063 us
1714 996 1913 1069 Bursen-

430 1106 494 1160 tts
519 1083 623 1178 Epist.
649 1087 724 1175 82.)
752 1083 998 1163 immunitates,
1031 1081 1112 1152 olim
1139 1086 1262 1154 intuitu
1282 1092 1469 1178 paupertatis
1490 1083 1671 1166 concessis,
1706 1113 1782 1159 cum
1809 1092 1912 1167 hodie
2047 1087 2065 1114 ²

430 1180 623 1280 impiissime
640 1182 765 1277 predic
788 1181 820 1253 dt
850 1173 1024 1251 latifundia
1046 1176 1119 1274 post
1142 1180 1332 1252 Concilium
1356 1182 1573 1256 laterenense
1596 1182 1682 1254 nesii
1704 1182 1850 1269 suerint,
1877 1191 1913 1265 dt

430 1278 676 1364 eencisceutur5
701 1277 789 1350 unde
804 1283 837 1348 in
860 1299 967 1347 totum
987 1278 1088 1348 hodie
1107 1273 1228 1350 cessere
1246 1277 1406 1351 deberent
1426 1280 1591 1375 ejusmodi
1612 1283 1805 1376 privilegiu,
1832 1311 1911 1362 cutn

430 1375 525 1454 resset
539 1401 658 1451 eorum
675 1382 762 1447 retio
779 1376 831 1464 d).
882 1380 965 1446 Non
988 1377 1169 1468 ottingam,
1194 1376 1305 1470 quod,
1336 1375 1358 1448 fi
1378 1379 1542 1472 ejusmodi
1561 1380 1735 1474 privilegiu
1758 1381 1913 1456 ambitio·
1977 1411 1987 1428 ·

430 1479 475 1548 tie
521 1477 630 1558 otius,
656 1498 757 1571 quern
775 1472 958 1563 Religionis
974 1469 1190 1544 instrumente
1204 1474 1259 1566 (ut
1277 1476 1322 1545 eit
1337 1475 1425 1548 idem
1438 1481 1617 1548 Parrus
1640 1480 1909 1574 Buusutests)

430 1573 465 1650 td
547 1573 606 1645 doe
625 1570 792 1667 quoslibet
808 1569 880 1664 post
898 1570 1086 1641 Concilium
1104 1569 1321 1643 lateranense
1337 1595 1426 1645 rente
1442 1576 1475 1643 in
1494 1580 1591 1668 copie
1606 1574 1779 1669 ecquistos
1794 1603 1909 1651 contre

430 1679 457 1745 2.
478 1697 539 1761 3⁴·
556 1674 593 1742 de
610 1674 728 1748 Derim.
745 1669 921 1741 extendere
937 1692 1000 1763 pro
1020 1667 1127 1738 lubitu
1144 1670 1279 1753 liceret,
1307 1691 1375 1741 tote
1392 1668 1499 1743 siurim
1515 1672 1673 1743 Perochie
1688 1659 1846 1746 immunis
1860 1672 1912 1747 so·

430 1791 486 1843 et.
539 1770 639 1840 Certe
657 1768 805 1857 denudati
817 1773 1021 1847 tenerurium,
1048 1768 1083 1841 Ed
1100 1769 1222 1837 rivium
1237 1771 1349 1838 turieni
1365 1769 1427 1859 epi,
1452 1794 1560 1839 munus
1579 1774 1741 1839 extendere
1752 1777 1794 1842 ed
1809 1781 1911 1866 turpia

430 1891 527 1948 ecre,
552 1872 716 1937 vineururn
739 1889 836 1935 emere
857 1867 1100 1945 multitudinem,
1126 1866 1163 1932 ui
1180 1867 1251 1933 eliis
1267 1871 1449 1954 renducere,
1476 1870 1633 1959 dequibus
1654 1873 1782 1939 anteiret
1796 1874 1912 1944 decime

430 1964 503 2038 ‘rivi
517 1967 671 2049 (eludent,
696 1968 806 2032 vinum
821 1982 921 2031 tumen
936 1966 966 2030 in
983 1960 1053 2050 usur
1065 1963 1198 2055 proprius
1209 1987 1268 2032 nen
1283 1984 1478 2045 convertere,
1505 1968 1546 2034 ed
1560 1969 1638 2033 eiius
1653 1969 1712 2035 irnr
1729 1971 1910 2040 Provincias

430 2065 601 2156 leporem,
638 2063 673 2135 ὅ
698 2064 843 2130 deciment
863 2058 1041 2148 subtrahere
1071 2061 1106 2133 ld
1128 2063 1271 2150 referre,
1301 2057 1405 2136 verbe
1422 2057 1496 2134 sunt
1517 2063 1821 2137 lNNOCENTll
1844 2067 1910 2153 ΙΙΙ,

430 2156 530 2260 [pisi.
550 2171 607 2251 85.
625 2161 667 2231 L.
691 2165 748 2233 td.
763 2156 852 2230 Edit.
870 2151 1025 2252 Bosquet.
1047 2153 1099 2252 e).
1325 2201 1331 2210 ·

1074 2344 1108 2450 u.
1157 2347 1269 2424 xxt.

545 2484 600 2559 Ad
624 2502 848 2557 memoratum
864 2456 967 2556 modo
987 2479 1123 2556 ebusum
1144 2508 1245 2580 quem
1268 2482 1422 2582 proxime
1437 2477 1618 2567 recedunt,
1648 2484 1709 2579 qui
1732 2486 1909 2584 privilegiu
2037 2473 2044 2484 ⁸

430 2579 621 2660 lentiscum
634 2583 853 2654 immunitatis
878 2607 895 2652 o
913 2583 1052 2655 decimis
1068 2582 1254 2663 edducunt,
1281 2607 1355 2676 quae
1371 2604 1481 2653 tomen
1498 2582 1732 2674 velnun'quem
1750 2579 1846 2658 fuere
1858 2612 1910 2661 re·

430 2706 538 2781 cepte.
565 2682 618 2752 vel
636 2684 736 2750 etiem
765 2703 829 2748 non
856 2677 1036 2774 produlia,
1063 2680 1208 2752 inlibris
1233 2702 1342 2751 remen
1366 2676 1527 2774 impressis
1545 2680 1701 2751 eudelier
1720 2685 1907 2767 venditete;

430 2806 492 2854 eon
518 2781 744 2856 ettendentee,
779 2780 956 2871 priuilegie
983 2776 1041 2849 usu
1059 2802 1126 2847 non
1150 2797 1285 2869 recepte
1309 2776 1434 2848 viribus
1455 2800 1568 2848 curere
1592 2782 1648 2859 e),
1680 2803 1717 2849 ee
1744 2805 1804 2852 ceu
1827 2779 1907 2855 falli

430 2876 625 2977 probetione
642 2876 793 2966 indigere
809 2873 868 2961 b),
894 2876 926 2946 dt
945 2902 1003 2946 nun
1018 2878 1144 2969 prebete
1159 2877 1304 2963 ejusmodi
1321 2878 1504 2966 exemptione
1524 2874 1564 2959 de
1582 2878 1763 2966 denegantes
1779 2880 1909 2951 detinet

430 2997 531 3049 reerre
546 2998 719 3071 prereptum
740 2976 801 3041 Dei
817 2997 907 3065 egere
923 2975 985 3063 c);
1011 2996 1048 3043 er
1065 2969 1269 3053 exhibendo,
1291 2967 1511 3065 inspiciende,
1537 2970 1570 3042 dt
1587 2970 1742 3062 allegenti
1757 2998 1823 3044 non
1839 3000 1910 3048 cre·
2004 2978 2006 2983 ⁴

430 3072 545 3169 did),
571 3067 751 3143 subversori
770 3068 956 3164 periculum
979 3066 1161 3141 artificiose
1179 3066 1263 3138 sub·
1286 3068 1320 3140 dt
1342 3066 1571 3161 obreptionis,
1595 3092 1633 3139 ee
1654 3064 1717 3140 esse
1739 3075 1772 3139 in
1789 3071 1909 3167 preju-

430 3168 552 3245 dicium
570 3169 603 3243 ἅ
621 3169 778 3240 damnum
799 3171 1051 3239 Decimetorum
1071 3160 1315 3261 grauissimum,
1349 3188 1464 3237 contre
1484 3161 1690 3237 cleriffimem
1711 3166 1795 3259 jutie
1820 3170 1906 3242 dcci·

430 3264 545 3347 sonem
568 3269 623 3359 e),
657 3267 689 3336 vi
720 3263 814 3356 cujus
833 3265 874 3336 de
894 3266 1016 3335 emodo
1034 3262 1245 3360 requirendis
1267 3265 1367 3334 etiem
1388 3264 1526 3355 proprie
1542 3287 1641 3335 menu
1658 3266 1794 3336 excultis
1807 3270 1907 3342 terrie
2030 3312 2038 3321 -
2059 3290 2063 3297 ’

432 3364 472 3437 ub
492 3387 670 3459 grevemen
692 3359 843 3433 Ecclefiis
868 3386 1048 3433 tmmrnene
1067 3364 1203 3434 decime
1225 3355 1299 3431 sunt
1322 3358 1572 3456 persoluendae3
1605 3363 1693 3432 unde
1717 3361 1800 3434 bene
1826 3364 1908 3438 dicit

432 3458 617 3537 threus
653 3457 689 3553 s)
712 3482 769 3541 ce,
808 3455 929 3530 scilicet
951 3461 1129 3555 privilegio
1151 3454 1225 3553 posi
1247 3459 1435 3528 Concilium
1459 3455 1676 3528 Laterenense
1697 3462 1907 3550 Megnume

437 3557 643 3636 Pontificibus
659 3556 960 3656 quomodocunque
974 3556 1126 3641 obtentu,
1150 3578 1217 3627 nun
1233 3552 1296 3631 else
1312 3559 1348 3627 in
1363 3553 1462 3627 uiridi
1475 3549 1691 3627 observentie.

1740 3656 1768 3744 ς.
1796 3656 1906 3737 xxti.

470 3790 504 3866 d)
523 3789 560 3855 L.
579 3786 665 3853 Titie
688 3797 740 3870 87.
760 3785 793 3850 ff.
815 3786 854 3849 de
877 3784 988 3867 Legit.
1135 3769 1144 3805 ³

468 3910 503 3993 c)
524 3909 599 3977 Vid.
622 3908 704 3975 Vere
729 3904 842 3966 Esruu
865 3921 895 3982 p.
910 3918 939 3965 α.
965 3901 1014 3964 tit.
1042 3918 1094 3982 33.
1118 3898 1152 3964 C.
1166 3917 1198 3984 7.
1227 3899 1282 3963 nbi
1303 3898 1367 3961 hoc
1388 3897 1428 3961 de
1451 3895 1545 3961 ebusu
1565 3898 1695 3963 cordele
1714 3898 1828 3969 scribit.

431 4016 434 4025 ⁸
464 4030 501 4113 e)
521 4027 556 4093 L.
578 4024 618 4090 de
638 4025 755 4107 quibue
777 4019 811 4085 ff.
835 4020 873 4082 de
893 4017 956 4083 LL.
998 4015 1133 4082 Kuocrt.
1154 4013 1252 4081 Tum.
1271 4035 1300 4100 3.
1324 4016 1408 4080 cons.
1433 4033 1503 4098 149.

459 4144 497 4249 le)
518 4145 554 4211 C.
578 4163 629 4227 31.
654 4144 694 4206 de
716 4137 803 4203 offic.
828 4137 932 4219 deleg.

468 4268 503 4351 e)
522 4264 654 4329 laneat.
679 4260 790 4323 ordin.
814 4254 993 4329 JOANNIS
1017 4250 1189 4321 PfflLIPPl
1214 4250 1341 4318 Archi·
1359 4248 1461 4335 Epilc.
1485 4249 1556 4332 tune
1577 4243 1762 4331 terrulente
1783 4241 1904 4328 dende

540 4347 625 4410 rituli
646 4343 858 4422 exemptionis.

469 4464 505 4547 d)
529 4462 564 4529 C.
584 4483 615 4546 7.
639 4461 678 4522 de
701 4460 783 4542 priv.
907 4502 909 4507 ,

470 4586 505 4662 e)
525 4575 560 4646 C.
582 4599 633 4660 34.
661 4579 699 4639 de
725 4574 844 4638 Derim.
868 4574 923 4640 cit.

468 4702 501 4784 i)
523 4697 665 4765 Conlttlt.
688 4707 718 4773 8.
739 4695 778 4761 de
802 4692 925 4760 Derim.
1053 4700 1055 4705 '
