4784 5550
357 571 362 578 ’
452 621 525 700 ua
549 616 793 694 eiuucuo
820 619 856 694 i
882 615 1319 740 cincinnatum.
1343 581 1635 696 novicium
1672 621 1741 698 cc.
1805 647 1850 720 μ

354 810 505 896 reliquum
527 826 630 874 autent
652 801 747 881 asbus
766 803 907 894 fratrum
930 802 1059 887 Ecclefie
1082 805 1120 879 Β.
1138 803 1297 874 Mauritii
1320 806 1452 873 accedat.
1514 805 1556 873 Et
1581 805 1747 895 Rotgesus
1768 827 1854 900 pta·

356 902 481 1000 pufitus
505 905 537 972 S.
553 903 691 998 Joannis
715 905 812 991 Mog.
834 925 884 970 on
917 927 953 969 ii
962 927 1020 987 94.
1046 897 1195 970 Ecclesia
1215 905 1246 970 S.
1271 905 1367 995 Join.
1391 899 1532 972 contulit
1555 901 1731 974 Ecclesiam
1756 928 1840 998 paro

358 1001 498 1074 chialem
522 1003 555 1070 S.
572 999 712 1070 Nizatii
732 1001 764 1068 in
786 1002 1057 1068 Mummenheim
1079 994 1186 1089 (conf.
1210 1002 1330 1092 Joau
1344 1016 1421 1066 mis
1437 1001 1543 1080 Tpui.
1566 1003 1612 1070 ll.
1636 1025 1671 1096 p.
1692 1005 1788 1089 695.)
1805 1005 1853 1074 in·
1874 1011 1878 1016 '

356 1099 510 1194 jungitur
524 1120 656 1178 autem,
680 1116 716 1167 iot
736 1100 869 1167 Patoebe
890 1096 1048 1187 neceffaria
1062 1116 1262 1189 competenter
1288 1100 1324 1166 dt
1338 1096 1405 1187 ipſso
1430 1100 1627 1186 proventibus
1643 1100 1855 1188 adintmstten·

358 1219 426 1276 ter.
462 1200 611 1288 quidquid
623 1219 700 1264 vere
716 1195 863 1282 refidutem
872 1195 974 1285 suerit
994 1198 1035 1264 ad
1050 1195 1270 1278 sublevandam
1283 1189 1411 1285 inopiaiis
1420 1195 1561 1283 fratrum
1583 1199 1717 1266 ascedat.
1769 1200 1854 1290 Sigi-

359 1289 463 1366 sridus
488 1297 531 1369 ΙΙ,
557 1289 963 1387 Archiepiscopua'Mog.
989 1316 1039 1362 an.
1071 1317 1172 1383 ¹²¹3·
1203 1288 1410 1362 Monalleiio
1433 1295 1467 1364 S.
1498 1289 1618 1362 Albini
1641 1291 1781 1364 cuntulit
1817 1302 1853 1368 6.

360 1389 571 1466 tirochiiles,
588 1385 763 1470 Ecclefiaa,
787 1384 874 1460 cons.
890 1394 1049 1486 Juiinii
1063 1407 1103 1458 is
1126 1390 1150 1460 l.
1168 1413 1198 1461 c.
1217 1413 1251 1485 p.
1271 1415 1353 1478 757.
1371 1395 1417 1458 ita
1438 1383 1556 1470 tamesis,
1581 1413 1616 1460 us
1635 1415 1688 1482 per
1703 1396 1856 1482 legitimos
1962 1471 1965 1478 ,

322 1517 324 1524 ·
365 1493 497 1568 Vtceries
510 1491 657 1582 effigiata
672 1493 714 1558 eis
728 1488 941 1578 [ostentatione
957 1509 1137 1578 competente
1153 1492 1263 1557 divina
1277 1493 1307 1556 in
1322 1491 1379 1557 illis
1386 1487 1512 1576 saciant
1524 1493 1693 1579 prouideri.
1736 1490 1854 1562 Theo·

362 1587 489 1660 decimis
504 1581 703 1682 praepofitua
719 1582 865 1656 Eccleliae
881 1588 919 1657 B.
937 1589 979 1656 V.
995 1585 1035 1654 ad
1052 1583 1173 1675 gradus
1187 1588 1305 1676 Mag..
1331 1584 1411 1654 dum
1427 1582 1485 1654 luo
1499 1586 1655 1680 Capitulo
1671 1613 1723 1656 aii.
1744 1601 1853 1666 1218·

361 1683 500 1756 contulit
523 1682 719 1778 parochiam
742 1685 774 1752 iii
798 1683 875 1754 villa
898 1683 1029 1752 Nithen
1046 1677 1151 1773 (coiis.
1171 1684 1414 1777 Joiinmnts
1438 1682 1461 1752 l.
1494 1705 1521 1754 c.
1550 1707 1585 1779 p.
1609 1687 1712 1776 655.)
1737 1692 1785 1757 Sic
1815 1689 1855 1755 ab

364 1785 421 1878 iple
442 1786 581 1876 capituli
600 1780 642 1868 cll
662 1785 833 1871 primilunio,
871 1801 906 1850 ut
927 1782 1080 1872 presbytes
1104 1783 1306 1850 celebraturus
1328 1785 1360 1848 in
1382 1782 1511 1862 Ecclesa
1538 1804 1703 1851 memorata
1720 1787 1757 1852 de
1783 1788 1857 1854 dote

359 1879 444 1976 ipbes
461 1883 497 1956 id
511 1881 728 1958 oblatismbsis,
755 1883 791 1946 de
807 1884 930 1948 minutis
945 1883 976 1948 in
994 1880 1160 1954 Gtuzbeim
1185 1880 1220 1952 [a
1235 1882 1429 1954 Scaenlseim
1450 1883 1569 1948 decimis
1591 1886 1630 1949 de
1654 1885 1749 1949 tertia
1765 1903 1857 1974 parte
1969 1883 1973 1890 '

358 1983 484 2050 Deeieu
499 1987 532 2048 in
548 1979 745 2048 Breidenlacb
763 1978 1044 2067 &particularibus
1061 1979 1288 2046 obventionibus
1304 1975 1336 2064 se
1355 1975 1524 2065 sustentet,
1557 1977 1746 2072 responsurus
1773 1985 1855 2050 alias
1989 2036 1994 2047 .

357 2076 585 2170 Arclriepiscs'po
594 2075 649 2164 [ise
666 2075 701 2148 ld
721 2075 941 2144 Arcbidiatono
961 2077 1014 2161 lico
1037 2078 1071 2149 id
1091 2075 1175 2144 Sedis
1198 2082 1337 2145 Romane
1356 2079 1471 2143 nunciis
1493 2080 1587 2144 modis
1610 2081 1718 2146 debitis
1738 2079 1773 2151 ld
1787 2103 1857 2148 son.

362 2173 458 2260 fieris.
510 2177 639 2244 Decima
661 2195 738 2242 veti
748 2169 934 2261 [sliesville
951 2175 1052 2242 Iilctbe
1065 2175 1169 2240 totalis
1184 2173 1220 2246 {a
1230 2171 1295 2262 line
1312 2175 1395 2244 omni
1409 2175 1607 2243 diminutione
1621 2179 1782 2268 proveniet
1805 2200 1856 2247 α.

359 2275 469 2346 maii
480 2291 558 2343 ante
574 2274 661 2342 diliis
682 2271 790 2340 exinde
803 2271 1039 2340 satbedsaticmn
1059 2269 1215 2354 soluturis.

473 2461 673 2536 Weenerus¹
687 2460 979 2557 Aichiepiscopus·
992 2466 1089 2553 Mog.
1112 2464 1145 2531 iti
1169 2461 1353 2556 diplomate
1372 2461 1569 2533 Colloiionia
1586 2459 1735 2535 Ecclesia
1757 2487 1857 2559 paco·

359 2561 473 2634 ehiilis
492 2560 740 2632 Nackenheim.
760 2559 908 2631 Ecclesia·
926 2562 1053 2652 Culleg.
1071 2561 1111 2630 ad
1129 2566 1161 2633 S.
1178 2563 1383 2654 Stephanum
1401 2567 1556 2650 ninguine.
1574 2557 1660 2630 saiia
1676 2588 1725 2630 aii.
1749 2571 1857 2637 1262.
1886 2583 1889 2588 '

354 2662 392 2732 iii
406 2663 507 2756 Joii.
525 2659 547 2730 l.
565 2683 593 2732 c.
612 2683 644 2752 p.
661 2673 742 2749 583.
764 2659 886 2728 diilam
902 2655 1076 2728 Ecclesiam
1097 2661 1143 2728 iia
1158 2655 1326 2736 concessit.
1364 2666 1407 2730 Uo
1426 2685 1491 2730 cuni
1510 2663 1638 2752 primum
1656 2686 1722 2729 eam
1737 2685 1856 2731 uacare

357 2763 536 2852 contigerit,
566 2762 670 2829 relilla
685 2761 721 2827 de
733 2759 886 2846 sectilibus¹
900 2757 988 2851 ipsus
1003 2757 1131 2847 Ecclefie
1144 2780 1284 2852 perpetuo
1305 2763 1445 2839 Vicetia,
1473 2764 1524 2850 qui
1539 2783 1642 2829 curam
1653 2763 1752 2851 prpuli
1761 2782 1857 2851 gerat

358 2858 464 2927 iliu-
486 2860 522 2933 &
540 2854 763 2947 Aicbiepiscipe
786 2880 822 2927 as
840 2858 910 2927 Loci
934 2857 1172 2934 Arebidiacono‚
1204 2860 1256 2947 qui
1279 2876 1409 2947 tempore
1425 2857 1569 2947 suerint,
1602 2860 1639 2926 de
1659 2859 1775 2942 iuribus
1788 2860 1859 2944 sais

359 2952 552 3048 respondeat,
580 2957 692 3029 &alia
706 2954 793 3043 ipsios
822 2953 948 3040 Ecclefie
969 2977 1058 3023 onera
1081 2950 1202 3037 dibeat,
1237 2976 1367 3045 congrua
1396 2957 1548 3046 pontisne,
1572 2958 1723 3045 quidquid
1737 2960 1773 3022 de
1788 2962 1859 3025 uni·

322 3057 330 3069 “
359 3052 455 3141 vetfis
484 3054 616 3142 ejusdem
638 3051 765 3135 Eccleba
784 3054 930 3122 reditibus
947 3050 1092 3147 supereffe
1115 3054 1289 3141 contingas,
1326 3053 1452 3119 duorum
1479 3055 1566 3119 cedat
1593 3052 1690 3131 ufibus
1712 3056 1860 3121 Sacerdo-

361 3172 434 3221 ιιι.
487 3152 579 3223 Etin
607 3146 702 3219 simili
722 3150 904 3243 diplomate
926 3148 967 3220 de
990 3175 1040 3219 an.
1067 3155 1169 3217 1266.
1194 3148 1214 3215 l.
1230 3172 1258 3218 c.
1283 3146 1442 3241 injungit,
1477 3169 1513 3217 ut
1534 3172 1693 3239 congruam
1715 3152 1864 3242 deipsis

362 3249 491 3331 Ecclese
514 3248 712 3340 proventibus
735 3253 949 3342 proportionem
972 3253 1144 3339 relinquant
1167 3248 1313 3339 patosbo,
1347 3251 1377 3314 in
1393 3249 1519 3335 [aarum
1537 3250 1759 3339 prebendarum
1781 3273 1858 3339 aug·

363 3368 512 3428 nentem,
539 3348 618 3437 quad
640 3346 787 3432 tepidorum
802 3349 922 3435 suerit,
950 3350 1033 3415 licite
1051 3346 1239 3435 concursuri.
1291 3346 1329 3412 ln
1353 3342 1537 3437 diplomate
1561 3347 1603 3415 de
1625 3369 1677 3415 ati.
1697 3357 1800 3423 1286,
1819 3349 1862 3417 in

367 3442 591 3515 (iuuencos
618 3446 683 3515 sod.
717 3445 789 3536 dipl.
818 3448 923 3514 Tom.
949 3448 1012 3512 lV.
1043 3466 1077 3537 p.
1109 3465 1193 3532 957.
1227 3438 1434 3511 Monalierio
1465 3438 1730 3513 Diffenthalienli
1756 3447 1861 3532 Mog-

362 3536 503 3619 Diiuces.
520 3538 739 3613 confirmatur
756 3540 892 3639 Capella
918 3543 950 3611 in
967 3538 1164 3611 Wisebaden
1189 3534 1246 3609 fica
1266 3562 1342 3609 eum
1363 3535 1519 3609 omnibus
1540 3536 1703 3607 reditibus
1719 3539 1759 3608 ad
1781 3563 1859 3613 eim

364 3637 607 3735 pertinentibus
633 3688 643 3707 .
671 3688 683 3712 .
708 3684 720 3709 .
747 3688 759 3713 .
781 3644 883 3710 itaut
905 3643 1053 3731 quidquid
1077 3642 1161 3707 ultra
1187 3642 1398 3725 Sacerdotem,
1436 3660 1522 3726 quern
1540 3660 1593 3729 pre
1612 3637 1765 3721 officiandi
1788 3664 1861 3709 ean·

364 3740 427 3809 bete
444 3741 595 3830 aspolam
613 3740 865 3821 remunerabunt,
890 3736 1035 3830 superes,
1057 3739 1087 3803 in
1104 3738 1265 3805 earundem
1284 3738 1471 3815 utilitatem,
1495 3733 1575 3816 stite
1587 3738 1729 3805 ballenae
1746 3742 1858 3807 extitit

364 3834 576 3925 observatam,
609 3838 749 3905 totaliter
773 3856 984 3906 convertatur.
1037 3830 1195 3929 Episcopi
1221 3856 1358 3927 quoque
1379 3831 1535 3925 parochis
1560 3829 1732 3927 pensonea
1755 3859 1860 3925 quan·

365 3932 406 4005 do
432 3956 473 4005 ue
498 3930 731 4025 imponebant,
763 3930 895 4003 sulita
919 3930 1312 4025 congruam'liabueiuni
1332 3928 1488 4001 reditus:
1520 3927 1561 4003 sc
1578 3934 1611 4000 in
1634 3927 1860 4003 instrumento

363 3956 501 4105 tibiatis
524 4030 566 4103 de
589 4028 763 4123 Wilsbuig
791 4033 825 4101 in
845 4035 1255 4103 Fiiiciiaiisiuimii
1280 4032 1345 4099 esd.
1369 4032 1440 4122 dipl.
1463 4032 1608 4119 anitquis.
1629 4034 1799 4121 Nortgau.
1822 4054 1862 4124 p.

365 4134 421 4224 96.
446 4126 596 4201 dicitur:
634 4129 735 4224 Qiod
759 4127 946 4227 Episcopus
970 4125 1125 4200 Eichllei.
1165 4121 1365 4197 auliuiitaie
1389 4125 1558 4196 ordinaria
1580 4122 1791 4207 concelseiii‚
1820 4147 1860 4217 sir

359 4228 510 4323 postquam
536 4233 661 4300 eeridem
684 4233 852 4316 parochiam
874 4236 905 4298 in
939 4228 1136 4318 ll'eisenburg
1156 4230 1192 4294 ab
1216 4228 1381 4296 honorabili
1410 4232 1483 4300 Viso
1508 4232 1640 4295 Otitone
1668 4277 1678 4296 .
1704 4272 1748 4296 ..
1778 4248 1862 4297 nunc

363 4331 466 4397 ibidem
479 4353 598 4400 vacere
612 4332 792 4419 eontigerit,
817 4332 859 4399 ad
874 4348 945 4398 tunc
958 4329 1081 4408 Abbir,
1108 4328 1161 4415 qui
1180 4346 1235 4417 pro
1249 4345 1378 4419 tempore
1394 4327 1512 4412 suerit,
1539 4326 1575 4399 {a
1589 4344 1757 4397 cott‘ucntttc
1776 4334 1863 4396 Mo·

363 4425 482 4514 callerii
504 4426 599 4517 nostri
620 4432 817 4497 coiiimicni'ter
835 4426 988 4521 personam
1012 4428 1148 4507 idoneam
1173 4427 1320 4491 clericum
1338 4428 1487 4495 uidelicet
1508 4422 1674 4505 secularem
1701 4471 1710 4492 .
1735 4471 1748 4495 .
1773 4474 1782 4494 .
1804 4446 1863 4517 pre

363 4528 475 4596 vicena
494 4547 639 4620 perpetes
665 4526 841 4619 prasentare
866 4529 906 4594 ad
929 4525 1016 4617 ipfisss
1048 4518 1177 4605 Eselelie
1199 4526 1329 4613 regimen
1351 4541 1533 4601 teneantur,
1570 4526 1622 4614 qui
1645 4523 1682 4591 de
1701 4526 1863 4614 promenti·

363 4624 511 4720 besipfius
540 4622 674 4712 Ecclese
700 4630 813 4696 Decem
836 4623 952 4701 &slis
974 4622 1072 4700 libres¹
1093 4620 1278 4711 liadenstcm
1294 4624 1383 4695 annis
1403 4617 1528 4714 lingulis
1553 4670 1564 4692 .
1591 4669 1602 4693 .
1627 4670 1637 4693 .
1661 4642 1714 4714 prs
1734 4618 1864 4785 (pblps‘p

1691 4739 1748 4810 pra
1766 4740 1801 4786 en
1824 4736 1862 4786 a·
