4784 5550
452 623 527 710 rao
861 569 1522 684 uunrrn'rrouas

449 792 619 881 fleetunt,
639 801 745 882 atque
762 785 896 862 tamdiu
911 797 1102 876 torquent,
1131 783 1251 856 donec
1274 783 1400 858 Verba
1414 783 1551 880 Legum
1571 781 1804 886 publicatum
1822 787 1936 864 eode-

451 893 561 982 nique
577 893 747 982 maligne,
767 889 798 958 br
820 885 986 974 nequiter
1008 883 1271 972 detorqueant,
1295 897 1336 952 ut
1351 903 1432 956 eum
1453 879 1607 968 sensum,
1633 903 1748 976 quem
1767 898 1935 980 cuperent

452 992 524 1074 iiii,
544 990 636 1078 apud
658 995 821 1056 incautos
839 979 1052 1072 praeseferre
1071 979 1183 1052 uideri
1201 981 1369 1055 debeant.
1416 977 1501 1052 Hoc
1518 981 1598 1052 sane
1618 1001 1738 1077 genus
1755 983 1934 1058 hominu·

453 1085 637 1181 (siquidem
651 1081 853 1168 hominum)
874 1080 953 1168 quia
971 1079 1136 1162 satores,
1157 1075 1434 1172 Concitatoret,
1452 1077 1709 1154 stimulatores
1724 1081 1846 1156 litium
1856 1079 1938 1168 suut,

451 1182 687 1275 Reipublicae
710 1175 991 1252 nocentissimum
1011 1174 1079 1246 eii'e
1099 1173 1251 1247 constat.

571 1349 675 1422 Ordo
692 1351 821 1419 Rerum
835 1342 1048 1439 agendarum
1070 1362 1090 1414 e
1111 1339 1494 1436 eonspettuopuicnti
1512 1355 1626 1435 patet.
1676 1343 1807 1418 Modo
1826 1355 1934 1420 auten

454 1443 648 1528 scribendi,
676 1463 783 1534 atque
799 1445 891 1516 Stiio
910 1441 1024 1512 sumus
1047 1440 1094 1512 usr
1111 1442 1195 1530 iilo,
1221 1459 1295 1530 quo
1317 1441 1526 1534 oportebat.
1577 1437 1815 1540 Sempronio,
1834 1441 1934 1516 aeia

451 1541 599 1615 duriore
622 1542 776 1632 quodam
794 1540 930 1612 robore
946 1538 1087 1610 dolatus
1103 1534 1210 1624 esset,
1229 1537 1360 1628 cruda,
1381 1539 1517 1632 lignea,
1535 1552 1646 1629 atque
1660 1537 1821 1636 agrestia
1834 1541 1932 1638 muita

453 1640 590 1730 saepius
613 1639 779 1712 consulto
800 1635 1038 1722 exciderunt;
1064 1634 1157 1707 haud
1184 1655 1271 1731 ergo
1297 1641 1396 1728 (nam
1416 1635 1528 1708 homo
1550 1635 1682 1727 isthic,
1714 1637 1847 1730 utique
1865 1644 1931 1710 bea

453 1750 583 1809 contra
608 1735 768 1822 Titium,
793 1749 855 1807 aut
879 1735 1028 1805 omnino
1051 1747 1183 1806 eontra
1201 1731 1384 1819 Stichum,
1409 1745 1472 1806 aut
1489 1729 1714 1824 Pamphilum
1733 1733 1931 1826 aliquemst

454 1833 628 1919 scribere,
644 1835 811 1928 ignorare
830 1851 904 1904 non
920 1830 1112 1922 debuerat>
1135 1850 1156 1901 e
1172 1851 1214 1902 re
1232 1829 1344 1904 visum
1365 1829 1456 1922 suit,
1477 1827 1618 1904 surdum
1635 1851 1773 1928 agere,
1792 1845 1855 1904 aut
1866 1831 1928 1906 iau·

453 1931 585 2025 guido,
604 1933 837 2023 torpentique
851 1926 1033 2020 Responso
1050 1925 1184 2002 missum
1200 1929 1299 2000 ilium
1314 1927 1451 2000 iacere:
1470 1927 1697 2002 dedoiaudua
1716 1931 1932 2022 aliquantum,

456 2041 545 2101 etat.
592 2027 836 2112 Commeruit,
855 2039 962 2117 atque
980 2023 1119 2109 decuit,
1138 2037 1179 2096 ut
1194 2024 1283 2116 saie,
1309 2045 1381 2118 quo
1398 2039 1517 2114 caret,
1535 2027 1650 2098 attico
1672 2027 1778 2122 larga
1794 2023 1925 2098 subinde

455 2143 564 2197 manu
589 2127 854 2216 perfricaretur.
894 2121 1061 2194 Ceterum
1083 2123 1209 2194 moises
1231 2125 1321 2196 aliae
1346 2121 1553 2208 stricturae,
1577 2121 1713 2214 sicubi,
1744 2137 1789 2196 ut
1802 2123 1843 2196 iit
1858 2135 1923 2196 uta·

454 2241 562 2310 mur,
589 2225 649 2295 vei
677 2221 892 2314 quandoque
916 2221 1110 2308 provocati
1134 2225 1275 2308 surmus,
1297 2221 1357 2291 vei
1385 2241 1442 2292 ree
1462 2219 1554 2312 ipsa,
1577 2233 1641 2292 aut
1662 2223 1718 2292 rei
1746 2219 1923 2316 indignitas

451 2317 676 2413 postulabat,
695 2320 882 2411 &quaein
903 2317 1111 2406 disputando
1125 2315 1204 2389 sunt
1217 2317 1464 2398 inevitabiles,
1482 2319 1585 2406 aequi
1605 2313 1775 2391 Lesiorit
1795 2319 1929 2388 veniati-

390 2473 395 2486 .
453 2416 558 2488 faciie
576 2421 807 2490 merebuntur
825 2439 835 2500 ς
864 2412 1005 2484 difficile
1023 2415 1137 2494 enim,
1165 2429 1206 2486 ut
1228 2409 1419 2510 Juvenaus
1439 2417 1510 2499 ait,
1533 2411 1669 2506 saepius
1689 2413 1764 2501 esi,
1785 2413 1923 2506 satyrau

452 2532 529 2586 non
552 2513 722 2598 scribere3
743 2513 934 2604 praecipue
951 2512 1010 2581 ubi
1028 2513 1063 2580 id
1092 2511 1219 2600 ipsum,
1244 2515 1333 2584 utin
1358 2509 1400 2583 L.
1416 2515 1449 2582 6.
1468 2505 1522 2606 ff
1544 2533 1572 2582 t.
1595 2507 1676 2584 cod.
1696 2507 1740 2584 de
1755 2507 1922 2601 Purattu

454 2609 542 2680 tium
562 2609 675 2700 poscit
691 2611 845 2693 utilitas;
869 2623 976 2697 atque
990 2611 1028 2678 ia
1037 2604 1174 2704 Guuffis
1186 2611 1297 2682 etiarn
1304 2605 1465 2708 persaepe
1480 2598 1615 2706 lepore,
1638 2607 1686 2684 ἔφ’
1696 2607 1921 2706 facetiispre

446 2701 535 2795 fici,
549 2701 592 2801 se
617 2705 756 2801 virsqffl,
783 2705 943 2779 meminit
967 2703 1110 2793 Cicero.
1168 2707 1299 2780 Omnia
1322 2721 1440 2779 autem
1467 2706 1532 2795 (stc
1552 2705 1590 2779 in
1619 2707 1751 2779 Ocuiis
1775 2707 1921 2781 omumu

452 2806 715 2975 {orrteiiamuo
746 2804 816 2877 srne
831 2801 987 2897 offensa,
1015 2806 1149 2898 absque
1165 2806 1266 2879 omni
1289 2802 1466 2901 ejusmodi
1483 2802 1604 2878 animo
1628 2825 1650 2878 a
1671 2804 1784 2881 nobie
1808 2800 1920 2899 scripta

510 2903 609 2995 sunt,
633 2903 665 2975 u
683 2906 799 2977 sunto.

565 3066 752 3156 Denique,
778 3064 800 3137 sr
824 3065 899 3154 quis
922 3062 1020 3135 sorte
1045 3062 1116 3149 est,
1149 3065 1206 3137 cui
1228 3063 1307 3138 usus
1331 3065 1529 3158 linguatum
1548 3060 1706 3151 latinae,
1741 3058 1919 3155 &patriae

453 3165 675 3255 promiscuus
701 3163 882 3251 displicet,
921 3162 1017 3233 hunc
1041 3182 1109 3233 nos
1132 3177 1297 3255 rogatum
1322 3164 1512 3243 volumus,
1544 3170 1587 3229 ut
1609 3159 1646 3230 id
1670 3157 1925 3233 Consuetudiui-

454 3259 649 3351 JCtorum,
676 3259 756 3330 dum
777 3257 953 3349 Responsa
969 3258 1147 3343 reddunt,
1179 3262 1212 3329 bt
1233 3260 1294 3349 ipsi
1313 3259 1405 3331 mori
1428 3257 1575 3339 nostro,
1598 3276 1704 3349 quem
1720 3258 1794 3347 jam
1811 3256 1915 3331 iudet

454 3356 570 3427 Puero
594 3358 638 3447 a)
664 3358 699 3427 in
725 3354 917 3443 institutis,
950 3354 1080 3429 nostris
1102 3357 1139 3429 in
1166 3356 1466 3432 Meditatiouibus
1488 3355 1706 3437 retinemus,
1737 3354 1915 3429 iiberaiiter

453 3455 665 3528 condonare
683 3474 758 3528 non
777 3468 959 3549 gravetur.

569 3618 775 3692 Occurrent
796 3620 901 3693 etiarn
919 3620 1022 3703 hinc,
1059 3618 1091 3690 se
1118 3620 1217 3693 illinc
1236 3640 1312 3693 non
1335 3640 1448 3711 pauca
1468 3615 1732 3717 Tautoiogica‚
1765 3620 1908 3695 nimitum

451 3716 583 3805 bisve,
610 3738 712 3790 terve
731 3716 842 3802 diua,
867 3730 973 3808 atque
989 3717 1168 3807 repetita3
1198 3716 1254 3789 sed
1274 3716 1467 3790 meminisse
1489 3732 1659 3805 oportet,
1692 3720 1730 3791 in
1752 3718 1916 3811 hujusge·¹

453 3813 548 3885 neria
567 3814 722 3905 scriptis,
746 3815 927 3905 inquibus
950 3812 1031 3886 Pars
1051 3814 1198 3887 adversa
1219 3814 1480 3900 instrumentis,
1512 3814 1682 3887 &modia
1707 3810 1907 3907 nonaequst

451 3910 522 4000 iam
546 3926 642 3995 arat,
669 3928 744 3983 turn
762 3924 884 3990 occat,
911 3932 996 3985 mox
1020 3910 1125 3998 serit,
1154 3911 1362 4001 &denique
1379 3923 1534 3983 conatur
1556 3927 1713 4003 metere,
1746 3914 1807 3985 ubi
1828 3908 1907 3987 uini·
1941 3987 1945 3996 ,

452 4028 530 4081 rum
554 4012 676 4081 omnia
697 4030 741 4081 ex
769 4008 858 4082 salsis
883 4006 1072 4107 Suppofitis
1093 4029 1160 4101 pro
1182 4030 1274 4083 vero
1298 4008 1460 4098 sumptis,
1494 4012 1666 4099 retentis,
1705 4010 1740 4081 δι
1765 4006 1905 4103 repetitis

452 4105 655 4200 agitantur,
682 4120 926 4191 attentantur,
955 4110 1279 4197 &pertententur,
1307 4108 1408 4179 aliter
1425 4103 1501 4178 fieri
1521 4106 1616 4179 haud
1643 4104 1763 4199 posse,
1785 4126 1849 4183 net
1862 4104 1906 4177 de

450 4202 561 4294 bere,
588 4223 690 4294 quam
710 4218 750 4274 ut
766 4204 810 4274 ad
826 4224 961 4277 morem
980 4206 1124 4275 alterius
1143 4206 1173 4275 u
1191 4223 1258 4277 nos
1282 4202 1373 4277 uitta
1394 4204 1529 4297 saepius
1547 4218 1775 4295 repetamus,
1806 4204 1904 4279 &ite-

451 4318 554 4391 rum,
580 4302 780 4393 iterumque
796 4318 871 4373 non
889 4299 960 4375 stne
976 4302 1106 4373 nausea
1117 4300 1354 4395 inculcando,
1390 4302 1539 4377 illumin
1562 4302 1657 4401 viani
1673 4302 1807 4379 retiam
1825 4296 1904 4389 tetiuss

1607 4402 1611 4409 '
1840 4408 1915 4473 cere.

499 4561 539 4660 a)
565 4564 644 4633 Hoc
658 4560 820 4636 vocabulo
839 4566 1000 4654 mimine,
1024 4586 1061 4641 ut
1080 4567 1186 4643 videri
1210 4562 1335 4665 posset,
1360 4562 1522 4639 indecoro
1537 4563 1609 4668 ipse
1622 4564 1713 4645 tete
1734 4570 1907 4646 utiterum

563 4663 780 4752 uenierunt.
