4784 5550
454 494 527 566 aaa
609 495 613 508 ·
902 443 1476 542 nlssanrar'ro
1941 384 1962 648 l

453 651 495 728 ab
512 650 554 724 iia
571 669 736 748 perpetuo
754 640 913 719 hallenua
933 641 1020 740 gella
1043 639 1135 726 sunt,
1161 641 1379 740 &nunquam
1395 641 1435 714 ab
1455 643 1525 716 ullo
1538 641 1846 740 Augussiffimomm
1861 641 1914 724 aaa
1960 653 1962 668 '

453 752 636 845 legantium
650 743 872 827 contradiila,
896 767 953 813 aur
973 738 1114 821 rescissa,
1141 742 1192 812 rel
1210 739 1324 812 callara
1346 740 1544 826 nascuntur,
1577 745 1617 816 ab
1637 743 1757 818 iisdem
1774 745 1915 840 judaia·

453 850 635 924 tentionem
657 843 688 914 dt
706 867 745 914 ea
769 842 931 911 Mandato
947 840 1130 912 eorundem
1145 837 1232 932 gella
1251 839 1500 932 intelliguntur,
1530 838 1740 937 &ipsosmet
1755 843 1917 936 supremae

456 945 646 1037 delegantes
666 942 701 1009 in
721 937 843 1009 cafibus
864 935 1001 1034 posthac
1018 932 1140 1008 faturia
1163 935 1384 1029 obstringunt.
1433 939 1524 1008 Sicut
1538 941 1629 1011 enirn
1649 960 1759 1011 rorum
1784 943 1848 1010 hoc
1866 945 1919 1040 Joa

305 1092 320 1113 .
455 1069 494 1115 ex
514 1042 649 1134 antiqua
679 1036 711 1107 dr
740 1040 921 1108 inueterata
946 1031 1181 1110 consuetudine
1205 1032 1262 1104 fibi
1282 1031 1480 1128 adquisitum
1504 1040 1733 1131 Imperatores
1759 1032 1919 1122 sorentum

452 1144 500 1214 ita
520 1139 551 1209 ἃ
571 1137 687 1207 eadem
716 1131 920 1204 consuetudo
937 1157 974 1203 ac
998 1128 1205 1203 observantia
1230 1136 1263 1202 in
1287 1133 1391 1202 modo
1415 1131 1497 1204 illud
1519 1133 1749 1206 exercendi&
1777 1139 1811 1206 in
1837 1133 1922 1206 usum

455 1233 639 1310 deducendi
657 1231 788 1325 semper
804 1229 963 1301 ltaslcnua
982 1228 1115 1324 publice
1135 1225 1344 1324 frequentata
1362 1230 1512 1323 ejusdem
1531 1227 1666 1323 posthac
1687 1255 1846 1303 normam
1858 1257 1925 1310 cone

454 1334 571 1407 sliruir.
623 1334 670 1399 Ex
690 1331 816 1398 iteratis
833 1351 943 1400 autem
963 1329 1060 1398 toties
1078 1321 1303 1398 uniformibua
1320 1329 1559 1398 Mmdatorum
1576 1330 1851 1400 executorialium
1865 1325 1924 1400 for·

452 1432 555 1506 mulis
575 1420 799 1517 Augussiffimi
823 1426 982 1518 Ejusdem
1005 1426 1140 1494 nomine
1164 1423 1204 1494 ad
1229 1423 1395 1515 collegia,
1423 1422 1579 1496 Ecclesiae
1604 1426 1635 1496 dr
1659 1425 1817 1522 Capitula
1833 1427 1922 1516 editia

456 1527 698 1602 observantiam
714 1524 846 1618 penitus
865 1519 1005 1612 legalem
1025 1517 1196 1602 conlltrui,
1223 1525 1298 1614 quia
1316 1545 1463 1615 unquam
1480 1525 1513 1590 in
1532 1521 1670 1592 dubium
1690 1523 1922 1596 vocareausrr?

452 1620 831 1707 Exerutorialeaautem
855 1623 974 1690 Literae
993 1639 1115 1712 praeter
1135 1623 1273 1688 Precum
1296 1622 1526 1712 imperialium
1542 1620 1704 1716 Diplama
1718 1645 1787 1692 non
1805 1645 1920 1694 rantum

322 1799 328 1816 ,
451 1721 586 1797 Indulta
603 1714 775 1789 Pontificio
796 1721 828 1785 in
848 1723 979 1806 integro
998 1715 1056 1786 luo
1077 1738 1191 1787 tenore
1211 1714 1303 1785 stmul
1321 1713 1494 1798 referunt,
1519 1712 1574 1786 sed
1595 1715 1805 1811 insuperillo
1821 1743 1919 1792 receo·

452 1820 514 1895 fito
531 1817 651 1889 deinde
671 1819 872 1886 Eaecutorca
891 1815 930 1884 ad
950 1811 1110 1884 Mandata
1132 1837 1199 1882 tam
1216 1811 1464 1906 Apostolicum,
1491 1837 1590 1906 quam
1608 1815 1790 1908 imperiale
1805 1815 1861 1887 sabi
1876 1817 1917 1888 di·
1941 1863 1962 1892 r.

454 1916 546 1993 tella
567 1934 760 1987 reverenter
774 1910 965 2007 exequenda
980 1907 1180 2005 progressuri
1200 1909 1332 2006 ipsimet
1348 1911 1426 1982 hnic
1449 1915 1581 2008 previde
1595 1910 1780 1984 insinuandi
1800 1914 1917 1986 &nod
1939 1901 1945 2028 Ι

451 2012 572 2090 ficandi
597 2011 794 2102 obligationi
815 2007 847 2080 se
868 2003 1055 2081 satisfacere
1076 2003 1240 2089 farentur,
1276 2006 1397 2078 &non
1428 2017 1522 2106 prius
1548 2008 1688 2104 parendi
1712 2008 1944 2096 necessitatem

455 2113 646 2186 ordinariis
665 2108 860 2202 injungunt,
892 2131 992 2200 quam
1015 2106 1187 2201 p'ollquam
1212 2102 1312 2178 eriam
1334 2107 1490 2178 decenter
1512 2106 1553 2176 ab
1569 2104 1714 2202 ipsomet
1732 2107 1915 2182 Precillaad
1939 2099 1943 2126 ²

452 2211 488 2284 id
504 2207 629 2281 fuerint
646 2203 813 2300 requisti,
839 2204 871 2274 dr
886 2205 927 2274 ab
945 2204 1005 2273 hac
1024 2201 1240 2297 requifitione
1257 2207 1417 2276 terminos
1433 2207 1648 2277 contumacia
1665 2209 1855 2303 computari
1870 2231 1916 2278 ro·
1941 2209 1962 2294 s·

453 2311 537 2381 lunt.
588 2309 637 2374 lta
659 2306 747 2373 enim
773 2304 805 2370 in
831 2299 885 2371 sua
907 2323 1000 2397 parte
1027 2297 1215 2393 dispositiva
1240 2299 1510 2396 prosequuntur:
1529 2351 1551 2384 „
1576 2302 1706 2374 ldcirco
1727 2306 1915 2376 authoritate

453 2400 667 2500 „Aposlolica
683 2398 779 2469 nobis
798 2395 983 2481 commissa,
1011 2396 1043 2468 dc
1062 2422 1125 2491 qua
1142 2393 1316 2489 fungimur
1332 2405 1365 2468 in
1391 2402 1450 2471 hac
1469 2424 1580 2494 parre,
1607 2397 1915 2495 profanantem,
1941 2395 1960 2446 'a

453 2525 545 2592 „tam
562 2495 788 2594 Aposlolicas,
814 2521 914 2593 quam
938 2501 988 2568 lm
1016 2495 1155 2576 eriales,
1181 2518 1281 2590 arque
1298 2497 1387 2568 hunc
1410 2499 1558 2569 noslrum
1579 2495 1766 2591 processum
1786 2499 1916 2574 drineia
1943 2489 1962 2556 Ε

454 2619 630 2688 „contenta
646 2594 741 2667 vobio
754 2594 959 2670 omnibus&
984 2592 1106 2690 tngulir
1123 2590 1342 2694 supradietis,
1368 2595 1490 2690 quibua
1513 2591 1655 2692 prosena
1671 2595 1785 2670 noller
1798 2593 1916 2697 proces·
1943 2579 1962 2674 ,Ε

379 2689 393 2712 ’
454 2695 537 2787 „suo
555 2697 734 2788 dirigitur,
768 2693 801 2764 dt
824 2692 960 2768 cuilibet
982 2694 1126 2768 veslrum
1149 2698 1183 2765 in
1208 2687 1349 2766 solidum
1366 2697 1571 2779 tnfinuanttts,
1600 2697 1809 2782 notificamus,
1834 2697 1916 2773 &al
1943 2715 1948 2722 '

452 2797 632 2884 „uestram
659 2799 691 2863 dt
715 2791 892 2886 cujuslibet
908 2790 1051 2864 vestrum
1075 2799 1217 2864 notitiam
1238 2798 1410 2864 deducimus
1434 2796 1467 2868 dr
1488 2800 1593 2866 deduci
1605 2798 1750 2866 volumus
1767 2820 1829 2888 per
1844 2818 1917 2891 pre·
1956 2786 1962 2791 ’

453 2893 601 2981 „lentes,
629 2890 662 2961 dr
680 2891 897 2961 nihilominus
912 2890 1006 2961 vobis
1025 2892 1057 2962 dt
1075 2888 1218 2962 veslrum
1235 2894 1370 2963 cuilibet
1385 2897 1418 2963 in
1438 2892 1579 2964 solidum
1592 2948 1600 2969 .
1613 2941 1624 2964 .
1636 2943 1646 2964 .
1658 2944 1667 2963 .
1680 2890 1829 2964 dillrisle
1846 2916 1918 2987 pre·

453 2988 634 3088 „cipiendo
652 2989 866 3068 mandamur,
894 3012 1055 3081 quotenus
1071 2983 1158 3058 infra
1174 2988 1225 3060 sex
1240 2990 1371 3061 dierum
1386 2989 1527 3085 spatium
1541 2992 1603 3086 past
1612 2992 1865 3079 presentationem
1874 2991 1917 3079 [ta

450 3091 708 3180 „notificationem
720 3084 903 3176 presentium
918 3089 1005 3153 vobis
1014 3088 1132 3175 fallam
1151 3086 1182 3155 dt
1200 3090 1348 3179 pollquam
1368 3114 1430 3183 pro
1447 3114 1542 3186 parte
1556 3086 1636 3159 disli
1652 3088 1687 3156 N
1693 3093 1743 3160 N.
1761 3092 1915 3184 Principe·

453 3186 516 3271 „lia
529 3183 579 3254 vel
598 3184 827 3252 Procuratoria
850 3177 897 3250 sui
916 3184 986 3271 ejus
1003 3188 1138 3254 nomine
1161 3182 1302 3277 desuper
1321 3194 1437 3276 vigore
1459 3185 1670 3285 presentium
1687 3187 1815 3273 fueritis
1829 3192 1915 3279 requi·

454 3285 546 3369 „firm
578 3276 779 3387 Beneficium
796 3274 1072 3364 [eclesiasticum
1099 3282 1190 3372 quod
1206 3288 1246 3352 ad
1265 3286 1386 3373 ptaelcns
1400 3282 1462 3357 srve
1473 3290 1607 3377 proxime
1621 3284 1924 3378 quomodocunque

452 3382 642 3464 „vacaverit
654 3427 660 3445 .
673 3428 681 3445 .
694 3428 702 3447 .
713 3425 722 3447 .
734 3379 824 3470 quod
844 3376 876 3447 dt
895 3400 967 3469 quae
984 3375 1090 3446 dicius
1107 3384 1195 3448 NN.
1211 3404 1270 3472 prr
1287 3377 1318 3452 se
1333 3381 1383 3450 val
1401 3407 1463 3479 per
1478 3383 1549 3480 ejus
1566 3386 1826 3457 Procuratorem
1839 3402 1911 3454 acce·

453 3476 636 3572 „prandum
652 3474 806 3550 duxerit.
822 3526 858 3556 ..
876 3524 885 3548 .
904 3469 1083 3547 conseratis
1104 3475 1136 3547 dr
1156 3472 1330 3569 affignetia.
1342 3525 1365 3563 ,‚

1083 3720 1115 3824 t.
1154 3720 1287 3804 xxv.

569 3913 612 3982 Et
635 3909 716 4006 quid
741 3910 886 3985 multis?
919 3910 1176 3988 insinuationem
1200 3914 1363 4011 ejusmodi
1387 3900 1595 3991 neeessariam
1615 3914 1679 3994 csse
1703 3919 1744 3993 ad
1767 3915 1907 3996 offellum

450 4006 592 4081 Precum
614 4007 881 4103 consequendum
903 4011 1094 4106 judicarunt
1112 4013 1241 4107 ipsimet
1267 4014 1442 4099 l’recrllae,
1474 4022 1530 4109 qui
1556 4021 1751 4112 Diplomata
1775 4020 1830 4094 sua
1853 4044 1910 4091 ma·

452 4127 546 4188 rure,
573 4108 624 4176 vel
641 4131 815 4201 antequam
833 4108 938 4179 adhuc
952 4108 1153 4181 Beneficium
1180 4136 1328 4192 voraret,
1356 4136 1428 4194 aur,
1455 4114 1569 4205 stquod
1589 4122 1775 4201 vacaverit,
1795 4146 1837 4191 co
1851 4144 1913 4189 occ·

454 4202 533 4271 dum
560 4204 598 4272 nb
625 4206 808 4277 Ordioario
830 4204 970 4285 collato,
998 4208 1222 4301 prulenrnnda
1248 4206 1482 4281 dtinsnuanda
1498 4210 1673 4291 duxerunt.
1724 4216 1915 4309 Exemplum

451 4320 622 4370 maturata
638 4303 800 4397 ejusmodi
817 4303 857 4373 de
873 4302 1065 4376 insinuando
1081 4328 1154 4375 ante
1168 4310 1373 4380 vacationem
1390 4306 1550 4381 allualem
1567 4308 1798 4386 sollicitudinia
1814 4312 1920 4388 dome·
1959 4366 1962 4373 -

448 4391 565 4469 slicum
585 4397 617 4470 dc
640 4403 674 4471 in
692 4405 775 4476 vitis
795 4405 977 4477 etiamnum
1002 4400 1163 4500 superlles
1187 4404 1319 4480 exhibet
1339 4406 1566 4482 Protocollum
1587 4410 1784 4507 capitulare
1805 4412 1922 4507 rnfign.

1805 4508 1925 4591 Ecclel.
