4784 5550
477 645 537 722 AD
555 637 701 726 CARJ.
725 635 793 716 DE
809 637 997 737 JURAM.
1013 635 1247 715 cibutum.
1272 635 1395 717 PARS
1411 635 1565 719 PRIOR
1584 637 1747 719 CONT.·
1762 645 1830 724 ἀς.
1879 671 1927 748 99

468 823 632 918 litigarent:
654 826 911 916 secundumsut,
936 819 958 894 si
975 825 1138 921 quantitas
1155 825 1221 896 litis
1237 823 1409 900 excederet
1430 853 1483 917 50.
1496 824 1615 913 libras,
1634 828 1745 902 cleriei
1758 831 1795 900 oie
1808 833 1927 925 proprie

465 944 600 998 earemnt
622 922 730 1020 quoad
750 918 931 1006 'excessum
952 928 1060 1017 absque
1083 946 1184 995 tomen
1193 929 1386 1017 juramento:
1413 929 1523 1021 prima
1545 925 1714 1022 dispositio
1735 925 1781 1000 est
1801 933 1926 1004 ioeoiisr

463 1025 527 1118 quia
542 1047 638 1103 nove,
665 1021 751 1094 dede
767 1041 846 1092 certo
862 1027 954 1103 tiore,
982 1024 1039 1118 qui
1057 1020 1198 1094 habebat
1215 1023 1383 1119 peculiare
1404 1022 1542 1118 systema
1556 1021 1645 1096 casse
1662 1027 1842 1099 clericalis:
1870 1011 1927 1100 sed

461 1121 635 1194 secundarie
651 1124 850 1213 temperando
870 1117 914 1191 est
928 1125 1096 1213 generosior
1123 1124 1200 1218 quia
1223 1125 1383 1212 coneiufio,
1404 1124 1481 1194 licet
1505 1129 1715 1214 particularis,
1741 1150 1780 1196 en
1800 1148 1929 1202 canone

460 1219 671 1316 iiiogeneraii,
696 1243 812 1294 omnes
828 1221 978 1292 omnium
996 1218 1205 1291 ecclesiarum
1228 1220 1366 1292 ciericos
1384 1243 1556 1314 tangente,
1582 1221 1728 1295 derivata
1741 1219 1805 1297 est:
1828 1227 1929 1296 nuduo

459 1323 566 1392 esurires
579 1321 682 1410 juret:
708 1318 786 1390 hinc
803 1341 946 1410 numque
963 1318 1075 1390 intulit
1091 1322 1302 1390 Marcianus:
1334 1345 1402 1414 orgo
1429 1325 1461 1391 in
1479 1324 1592 1391 nudius
1611 1327 1710 1394 eserici
1730 1327 1868 1393 cautione
1883 1327 1929 1392 ior·

458 1423 598 1490 inueniet
618 1421 838 1511 jorunonoon.
887 1419 930 1486 Er
951 1413 992 1486 sc
1016 1416 1148 1510 elegans
1170 1415 1217 1489 esi
1241 1420 1344 1511 Gioffo
1360 1421 1414 1490 bie
1437 1417 1558 1490 verbo:
1584 1424 1627 1489 od
1648 1425 1778 1493 omniurn
1794 1420 1928 1506 oculose·

404 1509 406 1550 ³
458 1541 528 1602 one,
552 1515 634 1600 dum
650 1519 694 1587 ito
712 1512 897 1605 distinguit:
926 1519 1018 1609 Qod
1032 1525 1084 1586 uni
1101 1516 1174 1606 jure
1194 1519 1364 1588 communi
1384 1521 1573 1599 conceditur,
1591 1522 1674 1590 erebi
1687 1519 1783 1612 petest
1796 1520 1834 1588 oi
1856 1522 1928 1590 oiiio
2066 1601 2071 1606 ,

457 1619 681 1707 inexemplum,
707 1617 744 1691 ὅ
763 1617 835 1684 nudi
860 1615 946 1685 debet
973 1618 1124 1707 denegari.
1152 1615 1175 1688 Ι.
1201 1641 1254 1708 ¹3·
1276 1611 1313 1686 ff.
1338 1616 1378 1687 de
1401 1619 1468 1685 LL.
1493 1619 1574 1688 Con.
1591 1622 1650 1706 64.
1671 1621 1765 1690 xvt.
1781 1641 1814 1713 q.
1840 1641 1869 1692 ι.
1890 1619 1928 1690 in

458 1717 552 1808 paine.
565 1717 649 1788 Cen.
667 1737 702 1801 4.
720 1736 806 1784 vera.
858 1717 890 1784 Si
911 1716 1006 1805 igitur
1023 1709 1093 1794 dist.
1113 1739 1141 1802 5.
1166 1737 1237 1784 can.
1258 1739 1313 1804 ις.
1335 1711 1407 1785 dist.
1431 1739 1485 1802 50.
1537 1719 1631 1812 Quoi
1651 1741 1728 1788 uero
1746 1739 1811 1810 per
1824 1716 1928 1810 priui-

460 1811 566 1906 legium
582 1816 676 1885 elicui
689 1813 878 1890 conceditur,
904 1834 961 1880 non
976 1815 1153 1884 extenditur
1165 1815 1208 1880 ed
1222 1817 1314 1892 oiioo,
1340 1837 1393 1884 nec
1412 1817 1453 1882 ud
1473 1812 1712 1904 consequentiam
1731 1817 1813 1883 trebi
1831 1811 1928 1906 petest

404 1937 407 1958 ·
456 1917 604 1982 uternis.
633 1906 666 2010 d.
683 1913 719 1982 6.
740 1905 817 1979 inst.
836 1931 922 1979 uera.
940 1912 1029 1999 piane
1047 1908 1088 1980 de
1105 1916 1137 2007 J
1156 1914 1206 1981 N.
1224 1909 1369 1982 Gmc.
1395 1908 1819 1997 l.14.dr16.ff.deLL.
1841 1913 1926 1984 Cau.

459 2033 505 2104 39.
525 2013 619 2082 XVI.
638 2032 673 2105 q.
695 2035 725 2078 t.
745 2011 826 2078 Con.
847 2031 876 2078 2.
892 2009 1015 2078 XXVI.
1037 2033 1070 2103 q.
1090 2035 1121 2080 a.
1169 2011 1207 2078 C.
1225 2007 1430 2080 Persuadent
1444 2011 1550 2100 magia
1566 2011 1804 2106 erquemagio,
1823 2032 1927 2104 quam

458 2127 500 2178 rur
515 2104 687 2180 thesaurus
703 2107 948 2201 principiorum
973 2103 1278 2201 &explicationum
1296 2107 1470 2203 proueniat
1491 2129 1530 2177 ex
1548 2113 1751 2203 repetitione
1766 2106 1927 2202 capitulo·

459 2227 530 2280 ram.
581 2209 627 2278 D.
643 2207 711 2300 Qui
728 2203 811 2273 hanc
829 2201 985 2294 negligit,
1017 2202 1118 2276 discet
1137 2206 1170 2274 in
1188 2203 1265 2298 jure
1280 2205 1429 2288 modice,
1456 2201 1490 2275 dr
1510 2227 1681 2305 nunquum
1702 2203 1836 2278 callebit
1852 2207 1927 2299 iegi-

454 2301 738 2402 sieeiuterpreeori,
762 2301 991 2395 ueldisputore.

606 2521 665 2594 33.
701 2499 740 2570 C.
775 2504 819 2570 Ut
843 2519 911 2590 ergo
935 2490 1040 2592 usque
1066 2493 1108 2566 od
1130 2497 1228 2568 verbo
1250 2498 1328 2568 hoo:
1355 2499 1403 2568 Ex
1427 2495 1493 2570 hoe
1516 2494 1678 2590 colligunt
1701 2495 1923 2594 interpreter,

456 2601 572 2683 omnia,
595 2621 670 2696 qute
687 2591 846 2744 heidenus
863 2591 937 2762 psost
954 2593 1093 2762 neopum
1107 2599 1267 2667 terminari
1284 2595 1446 2711 legimus,
1467 2591 1535 2710 ‘esse
1560 2593 1661 2669 uerba
1678 2601 1800 2668 Henrioi
1813 2599 1924 2690 lmp.;

455 2693 1517 2903 dithtii‘bi‘0·ni·diss?ztszd‘tzi‘mi'ttis‘,
1530 2690 1927 2891 siddimi:

455 2892 523 2970 saut
537 2895 617 2967 dieit
632 2896 769 2993 Jeennes
783 2893 933 2973 Aedree,
958 2890 1035 2962 ideo
1056 2886 1241 2980 subpunxit:
1266 2894 1347 2981 eujus
1365 2890 1440 2983 stone
1458 2892 1557 2963 verbe
1581 2895 1659 2973 bec,
1683 2888 1799 2974 idest,
1822 2914 1926 2984 prece·

456 2996 558 3069 seem.
609 2994 658 3062 Ex
672 2988 805 3061 uerbis:
829 2991 990 3081 fecundent
1003 2993 1096 3060 etiarn
1110 2992 1283 3076 deeifionem
1298 2992 1359 3065 &n
1375 3012 1549 3071 nota,non
1565 2984 1629 3061 esse
1644 2986 1923 3084 reprehenfibiie,
2048 3036 2052 3041 -

457 3087 588 3165 sietiam
609 3094 641 3161 in
664 3092 851 3181 adjutorium
873 3092 971 3181 legum
993 3088 1251 3176 eoetonossnonon
1274 3082 1475 3157 assumantur
1504 3087 1630 3159 terreni
1652 3089 1793 3182 Imperii
1818 3085 1923 3179 leger.

459 3196 523 3261 dea.
541 3219 571 3287 p.
591 3187 732 3281 dusino
758 3178 886 3257 Confer
911 3190 1096 3258 eun.ro.in
1115 3187 1166 3271 sn.
1182 3187 1291 3277 ΧΗ.
1312 3213 1363 3265 ι..
1389 3184 1500 3281 decep.
1524 3212 1552 3257 r.
1577 3189 1614 3256 de
1630 3192 1678 3257 N.
1694 3192 1735 3257 0.
1752 3192 1800 3258 Ν.
1816 3180 1925 3263 infin.

459 3294 594 3385 negotium
608 3284 721 3384 ipsum,
745 3281 925 3357 secundum
942 3283 1074 3377 legum,
1101 3281 1312 3355 &canonum
1326 3280 1463 3367 statuta,
1484 3308 1544 3355 non
1561 3283 1686 3375 differor
1698 3288 1872 3359 terminare.
1918 3290 1925 3303 “

618 3506 677 3577 34.
701 3483 740 3552 C.
758 3482 832 3572 Ejus
845 3484 947 3571 ireque
966 3473 1070 3567 usque
1089 3475 1130 3549 ad
1143 3480 1311 3568 judicetur.
1363 3478 1473 3569 Igitur
1488 3478 1605 3572 opinio
1621 3501 1760 3560 eorum,
1785 3476 1845 3573 qui
1857 3470 1923 3546 cse-
2077 3500 2089 3511 -

459 3578 768 3678 riciajuramentum
796 3576 967 3648 calumnie
988 3576 1170 3647 obtrudere
1199 3574 1408 3658 nitebantur,
1442 3580 1533 3666 dooplo
1565 3578 1708 3669 decifione
1731 3572 1921 3648 succubuit·

404 3672 407 3775 ζ
458 3680 593 3775 primum
609 3680 824 3773 Imperatoris,
850 3674 971 3745 deinde
990 3676 1162 3763 Pontificio,
1186 3676 1245 3769 qui
1260 3671 1457 3745 decifionem
1473 3678 1599 3744 Henrioe'
1615 3671 1862 3753 corroboremur,
1884 3668 1921 3743 de

404 3822 406 3853 t
459 3782 616 3849 Marcioni
634 3772 901 3848 constitutionem
925 3768 966 3841 stc
987 3774 1225 3869 interpretatus
1250 3769 1313 3853 esi,
1340 3793 1466 3843 utnon
1491 3776 1594 3843 iocosis
1619 3771 1758 3844 deberet
1775 3769 1921 3851 censeri,

404 3892 407 3933 ι
457 3872 680 3971 sedgeneeoiis.·
721 3878 766 3947 D.
783 3874 836 3943 Sic
876 3870 1052 3964 letumque
1067 3869 1185 3941 accidit
1199 3871 1321 3965 ineptis
1338 3866 1575 3967 opinionibue,
1601 3869 1634 3942 dr
1656 3866 1789 3943 frivolis
1809 3865 1922 3964 dispu·

456 3980 583 4047 rontium
600 3968 768 4063 diffugiis:
795 3972 828 4039 in
846 3896 982 4064 byrrhia
1001 3964 1187 4040 scholarum
1208 3968 1265 4038 diu
1287 3965 1536 4062 pertranseunt,
1563 3964 1741 4064 praefiosse
1762 3965 1920 4040 sustinen-

454 4092 528 4157 tur,
551 4066 828 4143 distinatunculio
850 4092 868 4137 a
895 4066 1016 4160 laqueo
1038 4069 1306 4235 oppugnantium
1327 4068 1548 4148 extricantur,
1580 4066 1720 4139 oudiunt
1739 4066 1921 4160 poooooetoso

452 4174 524 4269 quia
544 4164 735 4245 defensores
768 4188 885 4238 earum
909 4168 1100 4236 contentiot
1117 4162 1180 4237 esse
1203 4186 1319 4236 contra
1341 4161 1539 4261 Apostolum
1560 4189 1626 4237 non
1650 4162 1816 4236 deinum:
1854 4157 1921 4231 Sed

450 4267 545 4355 bona,
570 4293 608 4342 ac
625 4262 729 4339 solida
750 4266 984 4359 interpretatio
1007 4261 1138 4361 semper
1159 4263 1281 4344 vineit,
1303 4285 1380 4333 cum
1400 4286 1454 4333 rea
1476 4256 1630 4335 defertur
1649 4267 1692 4334 od
1712 4264 1927 4353 iegisioeoeere'

450 4368 541 4463 bajus
556 4364 672 4440 farinae
690 4367 888 4461 opinionum
907 4360 1016 4433 adhue
1035 4366 1070 4433 in
1085 4362 1161 4458 jure
1176 4357 1351 4456 supersunt
1362 4362 1475 4433 multae
1492 4363 1668 4441 centuriae,
1693 4359 1814 4455 quibus
1831 4380 1920 4452 apua

447 4464 519 4541 esset
531 4463 696 4541 decisione
711 4462 917 4542 authentice,
933 4460 1116 4553 solummodo
1132 4482 1253 4553 propter
1274 4460 1451 4553 obstinatos,
1476 4457 1608 4529 suarum
1632 4460 1743 4553 potius
1766 4463 1924 4530 odinven-

447 4572 552 4639 tionum
579 4562 796 4641 idololatras,
820 4581 920 4654 quarn
935 4558 1076 4650 justitio,
1101 4581 1257 4655 veraeque
1277 4562 1552 4652 interpretationis,
1575 4554 1781 4628 odoratores.
1831 4553 1921 4627 Vide

446 4662 593 4741 insimili
617 4670 713 4738 Nou.
742 4686 754 4731 u
763 4685 796 4749 9.
822 4662 853 4731 in
879 4658 1057 4753 profers&
1084 4681 1148 4756 ιιι.
1165 4655 1303 4827 ¹nNeid
1327 4653 1487 4733 uerbumr
1517 4658 1865 4824 corroboremur-notul,²
1881 4650 1926 4723 ad

1271 4780 1291 4827 o
1867 4768 1921 4822 ur·
