<?xml version="1.0" encoding="UTF-8"?>
<!DOCTYPE html PUBLIC "-//W3C//DTD XHTML 1.0 Transitional//EN"
    "http://www.w3.org/TR/xhtml1/DTD/xhtml1-transitional.dtd">
<html xmlns="http://www.w3.org/1999/xhtml" xml:lang="en" lang="en">
 <head>
  <title>
</title>
<meta http-equiv="Content-Type" content="text/html;charset=utf-8" />
  <meta name='ocr-system' content='tesseract 3.04.00' />
  <meta name='ocr-capabilities' content='ocr_page ocr_carea ocr_par ocr_line ocrx_word'/>
</head>
<body>
  <div class='ocr_page' id='page_1' title='image "./thesavrvsivrise03schmgoog_0474.png"; bbox 0 0 4784 5550; ppageno 0'>
   <div class='ocr_carea' id='block_1_1' title="bbox 463 551 1549 723">
    <p class='ocr_par' dir='ltr' id='par_1_1' title="bbox 463 551 1549 723">
     <span class='ocr_line' id='line_1_1' title="bbox 463 551 1549 723; baseline -0.002 -21"><span class='ocrx_word' id='word_1_1' title='bbox 463 551 581 723; x_wconf 48' lang='lat' dir='ltr'>4m&#39;</span> <span class='ocrx_word' id='word_1_2' title='bbox 731 675 733 680; x_wconf 86' lang='lat'><em>.</em></span> <span class='ocrx_word' id='word_1_3' title='bbox 900 615 1549 700; x_wconf 77' lang='lat' dir='ltr'>nissanrarro</span> 
     </span>
    </p>
   </div>
   <div class='ocr_carea' id='block_1_2' title="bbox 461 775 1829 1870">
    <p class='ocr_par' dir='ltr' id='par_1_2' title="bbox 461 775 1829 1870">
     <span class='ocr_line' id='line_1_2' title="bbox 464 775 1829 890; baseline 0.001 -24"><span class='ocrx_word' id='word_1_4' title='bbox 464 793 531 876; x_wconf 88' lang='lat' dir='ltr'>lia,</span> <span class='ocrx_word' id='word_1_5' title='bbox 553 775 768 884; x_wconf 79' lang='lat' dir='ltr'>privilegium</span> <span class='ocrx_word' id='word_1_6' title='bbox 787 812 932 887; x_wconf 88' lang='lat' dir='ltr'>namque</span> <span class='ocrx_word' id='word_1_7' title='bbox 957 786 1005 862; x_wconf 84' lang='lat' dir='ltr'>est</span> <span class='ocrx_word' id='word_1_8' title='bbox 1026 786 1311 882; x_wconf 80' lang='lat' dir='ltr'>restringendum,</span> <span class='ocrx_word' id='word_1_9' title='bbox 1334 813 1498 886; x_wconf 81' lang='lat' dir='ltr'>quatenoc</span> <span class='ocrx_word' id='word_1_10' title='bbox 1521 791 1695 866; x_wconf 79' lang='lat' dir='ltr'>concernit</span> <span class='ocrx_word' id='word_1_11' title='bbox 1717 791 1829 890; x_wconf 81' lang='lat' dir='ltr'>prcju</span> 
     </span>
     <span class='ocr_line' id='line_1_3' title="bbox 465 883 1829 984; baseline 0 -20"><span class='ocrx_word' id='word_1_12' title='bbox 465 894 557 964; x_wconf 89' lang='lat' dir='ltr'>tertii</span> <span class='ocrx_word' id='word_1_13' title='bbox 576 914 639 984; x_wconf 79' lang='lat' dir='ltr'>crp.</span> <span class='ocrx_word' id='word_1_14' title='bbox 660 905 714 967; x_wconf 81' lang='lat'>16.</span> <span class='ocrx_word' id='word_1_15' title='bbox 734 894 772 960; x_wconf 81' lang='lat' dir='ltr'>dr</span> <span class='ocrx_word' id='word_1_16' title='bbox 783 893 928 983; x_wconf 74' lang='lat' dir='ltr'><em>privileg.</em></span> <span class='ocrx_word' id='word_1_17' title='bbox 954 887 986 961; x_wconf 85' lang='lat' dir='ltr'>dr</span> <span class='ocrx_word' id='word_1_18' title='bbox 1007 887 1048 958; x_wconf 90' lang='lat' dir='ltr'>ad</span> <span class='ocrx_word' id='word_1_19' title='bbox 1070 883 1183 960; x_wconf 82' lang='lat' dir='ltr'>futura</span> <span class='ocrx_word' id='word_1_20' title='bbox 1205 887 1420 982; x_wconf 78' lang='lat' dir='ltr'>privilegium</span> <span class='ocrx_word' id='word_1_21' title='bbox 1434 914 1503 961; x_wconf 90' lang='lat' dir='ltr'>oon</span> <span class='ocrx_word' id='word_1_22' title='bbox 1522 892 1715 964; x_wconf 80' lang='lat' dir='ltr'>extenditur</span> <span class='ocrx_word' id='word_1_23' title='bbox 1732 900 1829 964; x_wconf 80' lang='lat' dir='ltr'>Clean</span> 
     </span>
     <span class='ocr_line' id='line_1_4' title="bbox 465 983 1829 1082; baseline 0.001 -20"><span class='ocrx_word' id='word_1_24' title='bbox 465 995 504 1062; x_wconf 82' lang='lat' dir='ltr'>de</span> <span class='ocrx_word' id='word_1_25' title='bbox 528 989 677 1081; x_wconf 77' lang='lat' dir='ltr'>rescriptis</span> <span class='ocrx_word' id='word_1_26' title='bbox 703 1011 762 1060; x_wconf 91' lang='lat' dir='ltr'>ncc</span> <span class='ocrx_word' id='word_1_27' title='bbox 782 984 827 1058; x_wconf 86' lang='lat' dir='ltr'>eil</span> <span class='ocrx_word' id='word_1_28' title='bbox 847 988 1040 1058; x_wconf 78' lang='lat' dir='ltr'>intentionis</span> <span class='ocrx_word' id='word_1_29' title='bbox 1060 986 1290 1082; x_wconf 72' lang='lat' dir='ltr'>concedentis,</span> <span class='ocrx_word' id='word_1_30' title='bbox 1314 983 1450 1060; x_wconf 86' lang='lat' dir='ltr'>voluill&#39;e</span> <span class='ocrx_word' id='word_1_31' title='bbox 1477 987 1661 1062; x_wconf 79' lang='lat' dir='ltr'>concedere</span> <span class='ocrx_word' id='word_1_32' title='bbox 1683 990 1829 1063; x_wconf 87' lang='lat' dir='ltr'>decimaa</span> 
     </span>
     <span class='ocr_line' id='line_1_5' title="bbox 464 1080 1829 1184; baseline 0 -25"><span class='ocrx_word' id='word_1_33' title='bbox 464 1088 548 1160; x_wconf 88' lang='lat' dir='ltr'>lium</span> <span class='ocrx_word' id='word_1_34' title='bbox 567 1085 754 1156; x_wconf 81' lang='lat' dir='ltr'>&amp;omnino</span> <span class='ocrx_word' id='word_1_35' title='bbox 772 1086 905 1179; x_wconf 84' lang='lat' dir='ltr'>privare</span> <span class='ocrx_word' id='word_1_36' title='bbox 920 1080 1076 1156; x_wconf 83' lang='lat' dir='ltr'>Ecclelirr</span> <span class='ocrx_word' id='word_1_37' title='bbox 1096 1083 1304 1155; x_wconf 80' lang='lat' dir='ltr'>Perochialer</span> <span class='ocrx_word' id='word_1_38' title='bbox 1328 1083 1484 1158; x_wconf 83' lang='lat' dir='ltr'>omnibus</span> <span class='ocrx_word' id='word_1_39' title='bbox 1503 1087 1661 1172; x_wconf 85' lang='lat' dir='ltr'>decimia,</span> <span class='ocrx_word' id='word_1_40' title='bbox 1679 1087 1804 1184; x_wconf 84' lang='lat' dir='ltr'>quibua</span> <span class='ocrx_word' id='word_1_41' title='bbox 1824 1091 1829 1180; x_wconf 63' lang='lat' dir='ltr'>j</span> 
     </span>
     <span class='ocr_line' id='line_1_6' title="bbox 463 1178 1829 1281; baseline -0.001 -25"><span class='ocrx_word' id='word_1_42' title='bbox 463 1181 595 1274; x_wconf 79' lang='lat' dir='ltr'>fignctae</span> <span class='ocrx_word' id='word_1_43' title='bbox 616 1207 746 1254; x_wconf 82' lang='lat' dir='ltr'>etanta</span> <span class='ocrx_word' id='word_1_44' title='bbox 768 1178 930 1277; x_wconf 85' lang='lat' dir='ltr'>Dyonilio</span> <span class='ocrx_word' id='word_1_45' title='bbox 955 1186 1054 1276; x_wconf 83' lang='lat' dir='ltr'>Papa.</span> <span class='ocrx_word' id='word_1_46' title='bbox 1077 1207 1139 1273; x_wconf 77' lang='lat' dir='ltr'>cap.</span> <span class='ocrx_word' id='word_1_47' title='bbox 1159 1181 1321 1270; x_wconf 75' lang='lat' dir='ltr'>Pcstrrrlis</span> <span class='ocrx_word' id='word_1_48' title='bbox 1341 1208 1374 1265; x_wconf 86' lang='lat'>9.</span> <span class='ocrx_word' id='word_1_49' title='bbox 1396 1208 1429 1261; x_wconf 86' lang='lat' dir='ltr'>rt.</span> <span class='ocrx_word' id='word_1_50' title='bbox 1452 1187 1490 1255; x_wconf 83' lang='lat' dir='ltr'>de</span> <span class='ocrx_word' id='word_1_51' title='bbox 1512 1190 1559 1255; x_wconf 81' lang='lat' dir='ltr'>bis</span> <span class='ocrx_word' id='word_1_52' title='bbox 1582 1212 1643 1278; x_wconf 81' lang='lat' dir='ltr'>pre</span> <span class='ocrx_word' id='word_1_53' title='bbox 1656 1187 1741 1276; x_wconf 79' lang='lat' dir='ltr'>fiunt</span> <span class='ocrx_word' id='word_1_54' title='bbox 1762 1213 1781 1255; x_wconf 79' lang='lat' dir='ltr'>a</span> <span class='ocrx_word' id='word_1_55' title='bbox 1799 1212 1829 1281; x_wconf 79' lang='lat' dir='ltr'>pr</span> 
     </span>
     <span class='ocr_line' id='line_1_7' title="bbox 463 1278 1828 1372; baseline 0.001 -18"><span class='ocrx_word' id='word_1_56' title='bbox 463 1282 553 1354; x_wconf 87' lang='lat' dir='ltr'>ultra</span> <span class='ocrx_word' id='word_1_57' title='bbox 571 1304 682 1352; x_wconf 86' lang='lat' dir='ltr'>aurem</span> <span class='ocrx_word' id='word_1_58' title='bbox 702 1282 912 1352; x_wconf 76' lang='lat' dir='ltr'>concedentis</span> <span class='ocrx_word' id='word_1_59' title='bbox 934 1283 1150 1351; x_wconf 86' lang='lat' dir='ltr'>intentionem</span> <span class='ocrx_word' id='word_1_60' title='bbox 1168 1278 1382 1372; x_wconf 80' lang='lat' dir='ltr'>privilegium</span> <span class='ocrx_word' id='word_1_61' title='bbox 1398 1305 1464 1352; x_wconf 90' lang='lat' dir='ltr'>non</span> <span class='ocrx_word' id='word_1_62' title='bbox 1483 1279 1530 1354; x_wconf 88' lang='lat' dir='ltr'>est</span> <span class='ocrx_word' id='word_1_63' title='bbox 1550 1282 1828 1355; x_wconf 80' lang='lat' dir='ltr'>extendendumt</span> 
     </span>
     <span class='ocr_line' id='line_1_8' title="bbox 463 1374 1829 1476; baseline 0.001 -27"><span class='ocrx_word' id='word_1_64' title='bbox 463 1403 496 1451; x_wconf 79' lang='lat' dir='ltr'>x.</span> <span class='ocrx_word' id='word_1_65' title='bbox 512 1383 549 1448; x_wconf 81' lang='lat' dir='ltr'>de</span> <span class='ocrx_word' id='word_1_66' title='bbox 573 1378 741 1470; x_wconf 76' lang='lat' dir='ltr'>rescriptis,</span> <span class='ocrx_word' id='word_1_67' title='bbox 763 1377 877 1472; x_wconf 84' lang='lat' dir='ltr'>elique</span> <span class='ocrx_word' id='word_1_68' title='bbox 900 1402 965 1448; x_wconf 86' lang='lat' dir='ltr'>nott</span> <span class='ocrx_word' id='word_1_69' title='bbox 983 1375 1087 1448; x_wconf 89' lang='lat' dir='ltr'>solum</span> <span class='ocrx_word' id='word_1_70' title='bbox 1113 1374 1248 1446; x_wconf 71' lang='lat' dir='ltr'>summat</span> <span class='ocrx_word' id='word_1_71' title='bbox 1266 1381 1448 1470; x_wconf 72' lang='lat' dir='ltr'>equitatir,</span> <span class='ocrx_word' id='word_1_72' title='bbox 1473 1402 1511 1450; x_wconf 88' lang='lat' dir='ltr'>ut</span> <span class='ocrx_word' id='word_1_73' title='bbox 1533 1378 1554 1450; x_wconf 86' lang='lat' dir='ltr'>li</span> <span class='ocrx_word' id='word_1_74' title='bbox 1577 1382 1780 1476; x_wconf 78' lang='lat' dir='ltr'>parochialis</span> <span class='ocrx_word' id='word_1_75' title='bbox 1802 1406 1829 1476; x_wconf 64' lang='lat' dir='ltr'>p&lt;</span> 
     </span>
     <span class='ocr_line' id='line_1_9' title="bbox 462 1472 1803 1576; baseline 0 -29"><span class='ocrx_word' id='word_1_76' title='bbox 462 1497 618 1556; x_wconf 79' lang='lat' dir='ltr'>reterre,</span> <span class='ocrx_word' id='word_1_77' title='bbox 642 1478 731 1569; x_wconf 88' lang='lat' dir='ltr'>quod</span> <span class='ocrx_word' id='word_1_78' title='bbox 752 1473 864 1549; x_wconf 78' lang='lat' dir='ltr'>saltem</span> <span class='ocrx_word' id='word_1_79' title='bbox 882 1476 1015 1546; x_wconf 78' lang='lat' dir='ltr'>novales</span> <span class='ocrx_word' id='word_1_80' title='bbox 1035 1473 1179 1576; x_wconf 61' lang='lat' dir='ltr'>habear,</span> <span class='ocrx_word' id='word_1_81' title='bbox 1207 1472 1261 1544; x_wconf 83' lang='lat' dir='ltr'>sed</span> <span class='ocrx_word' id='word_1_82' title='bbox 1282 1472 1417 1572; x_wconf 85' lang='lat' dir='ltr'>insuper</span> <span class='ocrx_word' id='word_1_83' title='bbox 1434 1475 1480 1548; x_wconf 81' lang='lat' dir='ltr'>eli</span> <span class='ocrx_word' id='word_1_84' title='bbox 1501 1475 1679 1559; x_wconf 81' lang='lat' dir='ltr'>odiosum,</span> <span class='ocrx_word' id='word_1_85' title='bbox 1709 1479 1803 1575; x_wconf 89' lang='lat' dir='ltr'>quod</span> 
     </span>
     <span class='ocr_line' id='line_1_10' title="bbox 461 1571 1829 1672; baseline 0.003 -29"><span class='ocrx_word' id='word_1_86' title='bbox 461 1575 631 1669; x_wconf 72' lang='lat' dir='ltr'>quispiam</span> <span class='ocrx_word' id='word_1_87' title='bbox 647 1572 766 1664; x_wconf 76' lang='lat' dir='ltr'>habeat</span> <span class='ocrx_word' id='word_1_88' title='bbox 784 1576 927 1664; x_wconf 87' lang='lat' dir='ltr'>decimas</span> <span class='ocrx_word' id='word_1_89' title='bbox 943 1576 976 1643; x_wconf 90' lang='lat' dir='ltr'>in</span> <span class='ocrx_word' id='word_1_90' title='bbox 994 1573 1098 1643; x_wconf 77' lang='lat' dir='ltr'>aliena</span> <span class='ocrx_word' id='word_1_91' title='bbox 1120 1571 1280 1642; x_wconf 84' lang='lat' dir='ltr'>Parochir</span> <span class='ocrx_word' id='word_1_92' title='bbox 1301 1596 1365 1665; x_wconf 81' lang='lat' dir='ltr'>cap.</span> <span class='ocrx_word' id='word_1_93' title='bbox 1386 1601 1419 1648; x_wconf 85' lang='lat'>2.</span> <span class='ocrx_word' id='word_1_94' title='bbox 1440 1578 1478 1646; x_wconf 84' lang='lat' dir='ltr'>de</span> <span class='ocrx_word' id='word_1_95' title='bbox 1492 1576 1561 1667; x_wconf 78' lang='lat' dir='ltr'>rest.</span> <span class='ocrx_word' id='word_1_96' title='bbox 1578 1581 1652 1672; x_wconf 82' lang='lat' dir='ltr'>lprl.</span> <span class='ocrx_word' id='word_1_97' title='bbox 1670 1582 1705 1646; x_wconf 90' lang='lat' dir='ltr'>irr</span> <span class='ocrx_word' id='word_1_98' title='bbox 1722 1593 1755 1655; x_wconf 81' lang='grc' dir='ltr'>ό.</span> <span class='ocrx_word' id='word_1_99' title='bbox 1782 1575 1829 1647; x_wconf 84' lang='lat' dir='ltr'>del</span> 
     </span>
     <span class='ocr_line' id='line_1_11' title="bbox 461 1667 1829 1870; baseline 0.004 -131"><span class='ocrx_word' id='word_1_100' title='bbox 461 1676 678 1841; x_wconf 62' lang='lat' dir='ltr'>pamqueduti</span> <span class='ocrx_word' id='word_1_101' title='bbox 705 1668 803 1766; x_wconf 87' lang='lat' dir='ltr'>supra</span> <span class='ocrx_word' id='word_1_102' title='bbox 824 1667 955 1842; x_wconf 62' lang='lat' dir='ltr'>pillum</span> <span class='ocrx_word' id='word_1_103' title='bbox 970 1669 1109 1870; x_wconf 55' lang='lat' dir='ltr'>papir}</span> <span class='ocrx_word' id='word_1_104' title='bbox 1122 1671 1294 1839; x_wconf 68' lang='lat' dir='ltr'>cpm6muni</span> <span class='ocrx_word' id='word_1_105' title='bbox 1315 1674 1460 1771; x_wconf 83' lang='lat' dir='ltr'>propriu</span> <span class='ocrx_word' id='word_1_106' title='bbox 1479 1695 1618 1764; x_wconf 80' lang='lat' dir='ltr'>curete,</span> <span class='ocrx_word' id='word_1_107' title='bbox 1641 1669 1689 1747; x_wconf 82' lang='lat' dir='ltr'>est</span> <span class='ocrx_word' id='word_1_108' title='bbox 1709 1670 1829 1748; x_wconf 81' lang='lat' dir='ltr'>odicfi</span> 
     </span>
     <span class='ocr_line' id='line_1_12' title="bbox 491 1791 1220 1868; baseline 0.01 -28"><span class='ocrx_word' id='word_1_109' title='bbox 491 1791 607 1864; x_wconf 80' lang='lat' dir='ltr'>rrngen</span> <span class='ocrx_word' id='word_1_110' title='bbox 633 1793 949 1868; x_wconf 69' lang='lat' dir='ltr'>apertepaurr.</span> <span class='ocrx_word' id='word_1_111' title='bbox 992 1794 1009 1841; x_wconf 86' lang='lat' dir='ltr'>e</span> <span class='ocrx_word' id='word_1_112' title='bbox 1053 1823 1064 1848; x_wconf 90' lang='lat'><strong>.</strong></span> <span class='ocrx_word' id='word_1_113' title='bbox 1110 1792 1167 1843; x_wconf 73' lang='grc' dir='ltr'>,ω</span> <span class='ocrx_word' id='word_1_114' title='bbox 1206 1816 1220 1847; x_wconf 75' lang='lat'><em>0</em></span> 
     </span>
    </p>
   </div>
   <div class='ocr_carea' id='block_1_3' title="bbox 1141 1951 1397 2027">
    <p class='ocr_par' dir='ltr' id='par_1_3' title="bbox 1141 1951 1397 2027">
     <span class='ocr_line' id='line_1_13' title="bbox 1141 1951 1397 2027; baseline -0.004 0"><span class='ocrx_word' id='word_1_115' title='bbox 1141 1951 1252 2027; x_wconf 81' lang='lat' dir='ltr'>xlx.</span> <span class='ocrx_word' id='word_1_116' title='bbox 1394 1971 1397 1978; x_wconf 86' lang='lat'>·</span> 
     </span>
    </p>
   </div>
   <div class='ocr_carea' id='block_1_4' title="bbox 457 2100 1829 2797">
    <p class='ocr_par' dir='ltr' id='par_1_4' title="bbox 457 2100 1829 2797">
     <span class='ocr_line' id='line_1_14' title="bbox 487 2100 1829 2207; baseline 0.008 -32"><span class='ocrx_word' id='word_1_117' title='bbox 487 2114 490 2120; x_wconf 87' lang='grc'><strong>’</strong></span> <span class='ocrx_word' id='word_1_118' title='bbox 574 2105 733 2180; x_wconf 75' lang='lat' dir='ltr'>Decimae</span> <span class='ocrx_word' id='word_1_119' title='bbox 752 2107 938 2206; x_wconf 75' lang='lat' dir='ltr'>preteriret</span> <span class='ocrx_word' id='word_1_120' title='bbox 960 2129 1027 2180; x_wconf 90' lang='lat' dir='ltr'>non</span> <span class='ocrx_word' id='word_1_121' title='bbox 1047 2103 1169 2180; x_wconf 82' lang='lat' dir='ltr'>salutar</span> <span class='ocrx_word' id='word_1_122' title='bbox 1188 2100 1356 2199; x_wconf 84' lang='lat' dir='ltr'>prrochur</span> <span class='ocrx_word' id='word_1_123' title='bbox 1381 2103 1490 2202; x_wconf 84' lang='lat' dir='ltr'>potest</span> <span class='ocrx_word' id='word_1_124' title='bbox 1510 2127 1626 2206; x_wconf 89' lang='lat' dir='ltr'>petere</span> <span class='ocrx_word' id='word_1_125' title='bbox 1647 2106 1690 2182; x_wconf 80' lang='lat' dir='ltr'>alr</span> <span class='ocrx_word' id='word_1_126' title='bbox 1714 2131 1829 2207; x_wconf 89' lang='lat' dir='ltr'>empto</span> 
     </span>
     <span class='ocr_line' id='line_1_15' title="bbox 458 2195 1813 2301; baseline 0.005 -27"><span class='ocrx_word' id='word_1_127' title='bbox 458 2195 636 2300; x_wconf 76' lang='lat' dir='ltr'>poss&#39;effore</span> <span class='ocrx_word' id='word_1_128' title='bbox 656 2202 744 2278; x_wconf 83' lang='lat' dir='ltr'>srlro</span> <span class='ocrx_word' id='word_1_129' title='bbox 764 2201 910 2298; x_wconf 75' lang='lat' dir='ltr'>regressu</span> <span class='ocrx_word' id='word_1_130' title='bbox 931 2229 1048 2279; x_wconf 86' lang='lat' dir='ltr'>contra</span> <span class='ocrx_word' id='word_1_131' title='bbox 1068 2205 1278 2280; x_wconf 80' lang='lat' dir='ltr'>venditorem</span> <span class='ocrx_word' id='word_1_132' title='bbox 1302 2227 1371 2297; x_wconf 78' lang='lat' dir='ltr'>erg.</span> <span class='ocrx_word' id='word_1_133' title='bbox 1395 2210 1472 2287; x_wconf 71' lang='lat'>107.</span> <span class='ocrx_word' id='word_1_134' title='bbox 1488 2209 1527 2299; x_wconf 81' lang='lat' dir='ltr'>ff.</span> <span class='ocrx_word' id='word_1_135' title='bbox 1549 2211 1711 2301; x_wconf 78' lang='lat' dir='ltr'>depellit.</span> <span class='ocrx_word' id='word_1_136' title='bbox 1728 2215 1765 2287; x_wconf 65' lang='grc' dir='ltr'>Β</span> <span class='ocrx_word' id='word_1_137' title='bbox 1787 2215 1813 2289; x_wconf 81' lang='lat' dir='ltr'>l.</span> 
     </span>
     <span class='ocr_line' id='line_1_16' title="bbox 460 2298 1829 2402; baseline 0.006 -30"><span class='ocrx_word' id='word_1_138' title='bbox 460 2302 499 2372; x_wconf 72' lang='lat' dir='ltr'>de</span> <span class='ocrx_word' id='word_1_139' title='bbox 510 2305 580 2393; x_wconf 81' lang='lat' dir='ltr'>p&#39;rrrr</span> <span class='ocrx_word' id='word_1_140' title='bbox 593 2301 682 2394; x_wconf 74' lang='lat' dir='ltr'>fisci,</span> <span class='ocrx_word' id='word_1_141' title='bbox 702 2304 758 2374; x_wconf 89' lang='lat' dir='ltr'>ubi</span> <span class='ocrx_word' id='word_1_142' title='bbox 778 2304 944 2376; x_wconf 84' lang='lat' dir='ltr'>deciditur</span> <span class='ocrx_word' id='word_1_143' title='bbox 963 2301 1076 2375; x_wconf 80' lang='lat' dir='ltr'>fiscum</span> <span class='ocrx_word' id='word_1_144' title='bbox 1097 2302 1141 2376; x_wconf 91' lang='lat' dir='ltr'>ob</span> <span class='ocrx_word' id='word_1_145' title='bbox 1160 2327 1226 2372; x_wconf 88' lang='lat' dir='ltr'>non</span> <span class='ocrx_word' id='word_1_146' title='bbox 1244 2298 1349 2371; x_wconf 89' lang='lat' dir='ltr'>soluta</span> <span class='ocrx_word' id='word_1_147' title='bbox 1377 2303 1502 2377; x_wconf 87' lang='lat' dir='ltr'>tributa</span> <span class='ocrx_word' id='word_1_148' title='bbox 1523 2329 1629 2376; x_wconf 82' lang='lat' dir='ltr'>novor</span> <span class='ocrx_word' id='word_1_149' title='bbox 1654 2303 1829 2402; x_wconf 80' lang='lat' dir='ltr'>pollellore</span> 
     </span>
     <span class='ocr_line' id='line_1_17' title="bbox 460 2396 1814 2495; baseline 0.004 -26"><span class='ocrx_word' id='word_1_150' title='bbox 460 2403 577 2471; x_wconf 84' lang='lat' dir='ltr'>venire</span> <span class='ocrx_word' id='word_1_151' title='bbox 602 2396 712 2495; x_wconf 82' lang='lat' dir='ltr'>polle,</span> <span class='ocrx_word' id='word_1_152' title='bbox 735 2401 825 2493; x_wconf 90' lang='lat' dir='ltr'>quod</span> <span class='ocrx_word' id='word_1_153' title='bbox 855 2425 1088 2493; x_wconf 71' lang='lat' dir='ltr'>argumentum</span> <span class='ocrx_word' id='word_1_154' title='bbox 1111 2422 1203 2473; x_wconf 89' lang='lat' dir='ltr'>tanto</span> <span class='ocrx_word' id='word_1_155' title='bbox 1234 2401 1346 2494; x_wconf 85' lang='lat' dir='ltr'>potiua</span> <span class='ocrx_word' id='word_1_156' title='bbox 1395 2403 1545 2484; x_wconf 87' lang='lat' dir='ltr'>rocedit.</span> <span class='ocrx_word' id='word_1_157' title='bbox 1575 2427 1650 2474; x_wconf 92' lang='lat' dir='ltr'>cum</span> <span class='ocrx_word' id='word_1_158' title='bbox 1673 2406 1814 2476; x_wconf 72' lang='lat' dir='ltr'>decime</span> 
     </span>
     <span class='ocr_line' id='line_1_18' title="bbox 458 2425 1829 2595; baseline 0.007 -31"><span class='ocrx_word' id='word_1_159' title='bbox 458 2518 561 2589; x_wconf 86' lang='lat' dir='ltr'>quam</span> <span class='ocrx_word' id='word_1_160' title='bbox 583 2498 704 2566; x_wconf 86' lang='lat' dir='ltr'>tributa</span> <span class='ocrx_word' id='word_1_161' title='bbox 725 2498 941 2594; x_wconf 75' lang='lat' dir='ltr'>privilegiatae</span> <span class='ocrx_word' id='word_1_162' title='bbox 958 2496 1036 2580; x_wconf 83' lang='lat' dir='ltr'>sant,</span> <span class='ocrx_word' id='word_1_163' title='bbox 1060 2501 1093 2571; x_wconf 82' lang='lat' dir='ltr'>dr</span> <span class='ocrx_word' id='word_1_164' title='bbox 1111 2520 1187 2570; x_wconf 87' lang='lat' dir='ltr'>ante</span> <span class='ocrx_word' id='word_1_165' title='bbox 1202 2496 1271 2566; x_wconf 77' lang='lat' dir='ltr'>hec</span> <span class='ocrx_word' id='word_1_166' title='bbox 1296 2425 1437 2589; x_wconf 65' lang='lat' dir='ltr'>perlilri</span> <span class='ocrx_word' id='word_1_167' title='bbox 1458 2499 1616 2582; x_wconf 82' lang='lat' dir='ltr'>debeam,</span> <span class='ocrx_word' id='word_1_168' title='bbox 1643 2527 1706 2595; x_wconf 83' lang='lat' dir='ltr'>rrp.</span> <span class='ocrx_word' id='word_1_169' title='bbox 1724 2527 1783 2590; x_wconf 83' lang='lat'>33.</span> <span class='ocrx_word' id='word_1_170' title='bbox 1805 2506 1829 2574; x_wconf 81' lang='lat' dir='ltr'>h.</span> 
     </span>
     <span class='ocr_line' id='line_1_19' title="bbox 458 2588 1829 2692; baseline 0.007 -32"><span class='ocrx_word' id='word_1_171' title='bbox 458 2588 622 2662; x_wconf 83' lang='lat' dir='ltr'>becratem</span> <span class='ocrx_word' id='word_1_172' title='bbox 644 2617 751 2666; x_wconf 89' lang='lat' dir='ltr'>tamen</span> <span class='ocrx_word' id='word_1_173' title='bbox 769 2597 823 2667; x_wconf 83' lang='lat' dir='ltr'>le&#39;u</span> <span class='ocrx_word' id='word_1_174' title='bbox 845 2591 1042 2667; x_wconf 71' lang='lat' dir='ltr'>eleaionem</span> <span class='ocrx_word' id='word_1_175' title='bbox 1060 2596 1159 2667; x_wconf 86' lang='lat' dir='ltr'>habet</span> <span class='ocrx_word' id='word_1_176' title='bbox 1179 2594 1347 2664; x_wconf 82' lang='lat' dir='ltr'>Parochur</span> <span class='ocrx_word' id='word_1_177' title='bbox 1366 2619 1480 2667; x_wconf 88' lang='lat' dir='ltr'>contra</span> <span class='ocrx_word' id='word_1_178' title='bbox 1505 2621 1694 2692; x_wconf 86' lang='lat' dir='ltr'>emptorem</span> <span class='ocrx_word' id='word_1_179' title='bbox 1718 2601 1771 2669; x_wconf 88' lang='lat' dir='ltr'>vel</span> <span class='ocrx_word' id='word_1_180' title='bbox 1793 2624 1829 2670; x_wconf 86' lang='lat' dir='ltr'>ve</span> 
     </span>
     <span class='ocr_line' id='line_1_20' title="bbox 457 2684 1825 2797; baseline 0.008 -40"><span class='ocrx_word' id='word_1_181' title='bbox 457 2707 556 2769; x_wconf 89' lang='lat' dir='ltr'>rem,</span> <span class='ocrx_word' id='word_1_182' title='bbox 583 2712 685 2785; x_wconf 91' lang='lat' dir='ltr'>prout</span> <span class='ocrx_word' id='word_1_183' title='bbox 702 2695 806 2787; x_wconf 81' lang='lat' dir='ltr'>magir</span> <span class='ocrx_word' id='word_1_184' title='bbox 830 2691 1041 2791; x_wconf 74' lang='lat' dir='ltr'>placuerit&amp;</span> <span class='ocrx_word' id='word_1_185' title='bbox 1063 2693 1178 2766; x_wconf 75' lang='lat' dir='ltr'>utilius</span> <span class='ocrx_word' id='word_1_186' title='bbox 1195 2689 1299 2761; x_wconf 85' lang='lat' dir='ltr'>risum</span> <span class='ocrx_word' id='word_1_187' title='bbox 1320 2684 1441 2775; x_wconf 64' lang='lat' dir='ltr'>fuerin·</span> <span class='ocrx_word' id='word_1_188' title='bbox 1463 2697 1600 2788; x_wconf 83' lang='lat' dir='ltr'>agendi,</span> <span class='ocrx_word' id='word_1_189' title='bbox 1618 2719 1659 2771; x_wconf 89' lang='lat' dir='ltr'>ne</span> <span class='ocrx_word' id='word_1_190' title='bbox 1675 2696 1712 2769; x_wconf 93' lang='lat' dir='ltr'>id</span> <span class='ocrx_word' id='word_1_191' title='bbox 1732 2697 1825 2797; x_wconf 89' lang='lat' dir='ltr'>quod</span> 
     </span>
    </p>
   </div>
   <div class='ocr_carea' id='block_1_5' title="bbox 456 2784 1609 2907">
    <p class='ocr_par' dir='ltr' id='par_1_5' title="bbox 456 2784 1609 2907">
     <span class='ocr_line' id='line_1_21' title="bbox 456 2784 1609 2907; baseline 0.005 -46"><span class='ocrx_word' id='word_1_192' title='bbox 456 2804 576 2861; x_wconf 81' lang='lat' dir='ltr'>rorem</span> <span class='ocrx_word' id='word_1_193' title='bbox 590 2788 744 2907; x_wconf 60' lang='lat' dir='ltr'>0liceleficr</span> <span class='ocrx_word' id='word_1_194' title='bbox 760 2784 989 2866; x_wconf 75' lang='lat' dir='ltr'>introdullum</span> <span class='ocrx_word' id='word_1_195' title='bbox 1003 2789 1073 2879; x_wconf 86' lang='lat' dir='ltr'>est,·</span> <span class='ocrx_word' id='word_1_196' title='bbox 1087 2794 1122 2865; x_wconf 91' lang='lat' dir='ltr'>ln</span> <span class='ocrx_word' id='word_1_197' title='bbox 1143 2790 1215 2887; x_wconf 86' lang='lat' dir='ltr'>ejur</span> <span class='ocrx_word' id='word_1_198' title='bbox 1229 2790 1345 2862; x_wconf 90' lang='lat' dir='ltr'>odium</span> <span class='ocrx_word' id='word_1_199' title='bbox 1361 2812 1609 2890; x_wconf 86' lang='lat' dir='ltr'>retorquentur.</span> 
     </span>
    </p>
   </div>
   <div class='ocr_carea' id='block_1_6' title="bbox 1160 2981 1247 3059">
    <p class='ocr_par' dir='ltr' id='par_1_6' title="bbox 1160 2981 1247 3059">
     <span class='ocr_line' id='line_1_22' title="bbox 1160 2981 1247 3059; baseline 0.034 -4"><span class='ocrx_word' id='word_1_200' title='bbox 1160 2981 1247 3059; x_wconf 80' lang='lat' dir='ltr'>XX.</span> 
     </span>
    </p>
   </div>
   <div class='ocr_carea' id='block_1_7' title="bbox 449 3148 1829 4524">
    <p class='ocr_par' dir='ltr' id='par_1_7' title="bbox 449 3148 1829 4524">
     <span class='ocr_line' id='line_1_23' title="bbox 569 3148 1829 3252; baseline -0.002 -26"><span class='ocrx_word' id='word_1_201' title='bbox 569 3158 736 3252; x_wconf 72' lang='lat' dir='ltr'>Suppono</span> <span class='ocrx_word' id='word_1_202' title='bbox 753 3151 952 3245; x_wconf 76' lang='lat' dir='ltr'>regulariter</span> <span class='ocrx_word' id='word_1_203' title='bbox 963 3150 1017 3247; x_wconf 82' lang='lat' dir='ltr'>jur</span> <span class='ocrx_word' id='word_1_204' title='bbox 1034 3151 1222 3225; x_wconf 85' lang='lat' dir='ltr'>decimandl</span> <span class='ocrx_word' id='word_1_205' title='bbox 1239 3175 1395 3248; x_wconf 87' lang='lat' dir='ltr'>tanquam</span> <span class='ocrx_word' id='word_1_206' title='bbox 1415 3150 1586 3250; x_wconf 70' lang='lat' dir='ltr'>spirituale</span> <span class='ocrx_word' id='word_1_207' title='bbox 1607 3175 1675 3224; x_wconf 87' lang='lat' dir='ltr'>oon</span> <span class='ocrx_word' id='word_1_208' title='bbox 1696 3148 1787 3249; x_wconf 78' lang='lat' dir='ltr'>poll&#39;e</span> <span class='ocrx_word' id='word_1_209' title='bbox 1803 3176 1829 3223; x_wconf 77' lang='lat' dir='ltr'>ct</span> 
     </span>
     <span class='ocr_line' id='line_1_24' title="bbox 458 3247 1828 3348; baseline -0.002 -25"><span class='ocrx_word' id='word_1_210' title='bbox 458 3271 530 3324; x_wconf 91' lang='lat' dir='ltr'>tere</span> <span class='ocrx_word' id='word_1_211' title='bbox 546 3250 658 3333; x_wconf 85' lang='lat' dir='ltr'>laicia,</span> <span class='ocrx_word' id='word_1_212' title='bbox 679 3252 821 3344; x_wconf 87' lang='lat' dir='ltr'>ideoque</span> <span class='ocrx_word' id='word_1_213' title='bbox 836 3274 891 3321; x_wconf 84' lang='lat' dir='ltr'>eoa</span> <span class='ocrx_word' id='word_1_214' title='bbox 909 3247 971 3320; x_wconf 79' lang='lat' dir='ltr'>csse</span> <span class='ocrx_word' id='word_1_215' title='bbox 988 3251 1070 3342; x_wconf 75' lang='lat' dir='ltr'>&#39;puris</span> <span class='ocrx_word' id='word_1_216' title='bbox 1088 3252 1176 3320; x_wconf 88' lang='lat' dir='ltr'>illius</span> <span class='ocrx_word' id='word_1_217' title='bbox 1194 3255 1366 3348; x_wconf 74' lang='lat' dir='ltr'>incapaces</span> <span class='ocrx_word' id='word_1_218' title='bbox 1382 3260 1485 3346; x_wconf 83' lang='lat' dir='ltr'>optim.</span> <span class='ocrx_word' id='word_1_219' title='bbox 1503 3274 1584 3323; x_wconf 80' lang='lat' dir='ltr'>text.</span> <span class='ocrx_word' id='word_1_220' title='bbox 1603 3257 1634 3321; x_wconf 86' lang='lat' dir='ltr'>irr</span> <span class='ocrx_word' id='word_1_221' title='bbox 1656 3276 1724 3322; x_wconf 80' lang='lat' dir='ltr'>carr.</span> <span class='ocrx_word' id='word_1_222' title='bbox 1740 3257 1828 3345; x_wconf 80' lang='lat' dir='ltr'>plrrtt</span> 
     </span>
     <span class='ocr_line' id='line_1_25' title="bbox 458 3346 1829 3443; baseline -0.001 -23"><span class='ocrx_word' id='word_1_223' title='bbox 458 3351 549 3440; x_wconf 76' lang='lat' dir='ltr'>Cares.</span> <span class='ocrx_word' id='word_1_224' title='bbox 570 3363 623 3420; x_wconf 85' lang='lat'>16.</span> <span class='ocrx_word' id='word_1_225' title='bbox 640 3375 691 3443; x_wconf 74' lang='lat' dir='ltr'>prr,</span> <span class='ocrx_word' id='word_1_226' title='bbox 714 3351 797 3436; x_wconf 55' lang='grc' dir='ltr'>μᾷ</span> <span class='ocrx_word' id='word_1_227' title='bbox 818 3371 884 3420; x_wconf 80' lang='lat' dir='ltr'>carr.</span> <span class='ocrx_word' id='word_1_228' title='bbox 901 3353 1027 3418; x_wconf 76' lang='lat' dir='ltr'>decimas</span> <span class='ocrx_word' id='word_1_229' title='bbox 1049 3376 1078 3423; x_wconf 89' lang='lat' dir='ltr'>r.</span> <span class='ocrx_word' id='word_1_230' title='bbox 1093 3346 1173 3436; x_wconf 78' lang='lat' dir='ltr'>crus.</span> <span class='ocrx_word' id='word_1_231' title='bbox 1195 3363 1248 3421; x_wconf 65' lang='grc' dir='ltr'>τό.</span> <span class='ocrx_word' id='word_1_232' title='bbox 1264 3376 1315 3441; x_wconf 84' lang='lat' dir='ltr'>qu.</span> <span class='ocrx_word' id='word_1_233' title='bbox 1335 3378 1365 3429; x_wconf 86' lang='lat'>7.</span> <span class='ocrx_word' id='word_1_234' title='bbox 1384 3376 1436 3421; x_wconf 84' lang='lat' dir='ltr'>nrc</span> <span class='ocrx_word' id='word_1_235' title='bbox 1456 3376 1512 3420; x_wconf 84' lang='lat' dir='ltr'>nur</span> <span class='ocrx_word' id='word_1_236' title='bbox 1531 3376 1595 3441; x_wconf 79' lang='lat' dir='ltr'>cap.</span> <span class='ocrx_word' id='word_1_237' title='bbox 1618 3377 1650 3428; x_wconf 87' lang='lat'>7.</span> <span class='ocrx_word' id='word_1_238' title='bbox 1666 3376 1701 3419; x_wconf 82' lang='lat' dir='ltr'>x.</span> <span class='ocrx_word' id='word_1_239' title='bbox 1722 3358 1758 3418; x_wconf 81' lang='lat' dir='ltr'>de</span> <span class='ocrx_word' id='word_1_240' title='bbox 1776 3375 1829 3440; x_wconf 77' lang='lat' dir='ltr'>pra</span> 
     </span>
     <span class='ocr_line' id='line_1_26' title="bbox 457 3443 1829 3542; baseline -0.001 -25"><span class='ocrx_word' id='word_1_241' title='bbox 457 3450 493 3522; x_wconf 66' lang='lat' dir='ltr'>ii</span> <span class='ocrx_word' id='word_1_242' title='bbox 510 3472 572 3541; x_wconf 68' lang='lat' dir='ltr'>carp.</span> <span class='ocrx_word' id='word_1_243' title='bbox 597 3454 649 3527; x_wconf 75' lang='lat' dir='ltr'>rr.</span> <span class='ocrx_word' id='word_1_244' title='bbox 668 3452 698 3518; x_wconf 85' lang='lat' dir='ltr'>lr.</span> <span class='ocrx_word' id='word_1_245' title='bbox 717 3467 741 3517; x_wconf 87' lang='lat' dir='ltr'>t.</span> <span class='ocrx_word' id='word_1_246' title='bbox 756 3469 794 3515; x_wconf 83' lang='lat' dir='ltr'>ex</span> <span class='ocrx_word' id='word_1_247' title='bbox 814 3446 890 3515; x_wconf 89' lang='lat' dir='ltr'>hinc</span> <span class='ocrx_word' id='word_1_248' title='bbox 907 3443 996 3526; x_wconf 87' lang='lat' dir='ltr'>fluit,</span> <span class='ocrx_word' id='word_1_249' title='bbox 1018 3445 1109 3541; x_wconf 88' lang='lat' dir='ltr'>quod</span> <span class='ocrx_word' id='word_1_250' title='bbox 1128 3445 1222 3517; x_wconf 87' lang='lat' dir='ltr'>nullo</span> <span class='ocrx_word' id='word_1_251' title='bbox 1236 3473 1382 3542; x_wconf 87' lang='lat' dir='ltr'>unquam</span> <span class='ocrx_word' id='word_1_252' title='bbox 1399 3472 1548 3542; x_wconf 85' lang='lat' dir='ltr'>tempore</span> <span class='ocrx_word' id='word_1_253' title='bbox 1562 3448 1749 3519; x_wconf 88' lang='lat' dir='ltr'>dominium</span> <span class='ocrx_word' id='word_1_254' title='bbox 1769 3448 1829 3517; x_wconf 79' lang='lat' dir='ltr'>dira</span> 
     </span>
     <span class='ocr_line' id='line_1_27' title="bbox 456 3540 1829 3643; baseline 0 -29"><span class='ocrx_word' id='word_1_255' title='bbox 456 3543 663 3617; x_wconf 78' lang='lat' dir='ltr'>decimarum</span> <span class='ocrx_word' id='word_1_256' title='bbox 684 3541 897 3643; x_wconf 67' lang='lat' dir='ltr'>prescribere</span> <span class='ocrx_word' id='word_1_257' title='bbox 912 3540 1048 3640; x_wconf 65' lang='lat' dir='ltr'>polim,</span> <span class='ocrx_word' id='word_1_258' title='bbox 1073 3542 1130 3614; x_wconf 89' lang='lat' dir='ltr'>nbi</span> <span class='ocrx_word' id='word_1_259' title='bbox 1148 3548 1237 3613; x_wconf 90' lang='lat' dir='ltr'>cnim</span> <span class='ocrx_word' id='word_1_260' title='bbox 1254 3544 1341 3615; x_wconf 77' lang='lat' dir='ltr'>adesi</span> <span class='ocrx_word' id='word_1_261' title='bbox 1364 3547 1561 3641; x_wconf 73' lang='lat' dir='ltr'>incapacitas</span> <span class='ocrx_word' id='word_1_262' title='bbox 1579 3543 1683 3639; x_wconf 81' lang='lat' dir='ltr'>juris,</span> <span class='ocrx_word' id='word_1_263' title='bbox 1713 3569 1774 3615; x_wconf 88' lang='lat' dir='ltr'>nec</span> <span class='ocrx_word' id='word_1_264' title='bbox 1794 3568 1829 3639; x_wconf 87' lang='lat' dir='ltr'>pe</span> 
     </span>
     <span class='ocr_line' id='line_1_28' title="bbox 453 3638 1829 3737; baseline 0 -26"><span class='ocrx_word' id='word_1_265' title='bbox 453 3644 685 3714; x_wconf 87' lang='lat' dir='ltr'>memorialem</span> <span class='ocrx_word' id='word_1_266' title='bbox 714 3644 841 3736; x_wconf 87' lang='lat' dir='ltr'>acquiri</span> <span class='ocrx_word' id='word_1_267' title='bbox 870 3638 993 3736; x_wconf 79' lang='lat' dir='ltr'>potell,</span> <span class='ocrx_word' id='word_1_268' title='bbox 1026 3642 1350 3737; x_wconf 67' lang='lat' dir='ltr'>pretermittendum</span> <span class='ocrx_word' id='word_1_269' title='bbox 1372 3666 1480 3712; x_wconf 84' lang='lat' dir='ltr'>tamen</span> <span class='ocrx_word' id='word_1_270' title='bbox 1505 3669 1571 3713; x_wconf 91' lang='lat' dir='ltr'>non</span> <span class='ocrx_word' id='word_1_271' title='bbox 1595 3639 1658 3724; x_wconf 84' lang='lat' dir='ltr'>eil,</span> <span class='ocrx_word' id='word_1_272' title='bbox 1695 3638 1829 3737; x_wconf 81' lang='lat' dir='ltr'>quodsi</span> 
     </span>
     <span class='ocr_line' id='line_1_29' title="bbox 453 3736 1827 3836; baseline 0.003 -30"><span class='ocrx_word' id='word_1_273' title='bbox 453 3736 557 3808; x_wconf 85' lang='lat' dir='ltr'>laicus</span> <span class='ocrx_word' id='word_1_274' title='bbox 574 3737 751 3830; x_wconf 85' lang='lat' dir='ltr'>poilederit</span> <span class='ocrx_word' id='word_1_275' title='bbox 765 3741 908 3810; x_wconf 79' lang='lat' dir='ltr'>decimes</span> <span class='ocrx_word' id='word_1_276' title='bbox 927 3764 988 3836; x_wconf 91' lang='lat' dir='ltr'>per</span> <span class='ocrx_word' id='word_1_277' title='bbox 1002 3764 1135 3834; x_wconf 82' lang='lat' dir='ltr'>tempus</span> <span class='ocrx_word' id='word_1_278' title='bbox 1155 3739 1416 3819; x_wconf 86' lang='lat' dir='ltr'>immemoriale,</span> <span class='ocrx_word' id='word_1_279' title='bbox 1442 3744 1584 3810; x_wconf 82' lang='lat' dir='ltr'>maxima</span> <span class='ocrx_word' id='word_1_280' title='bbox 1604 3736 1640 3809; x_wconf 82' lang='lat' dir='ltr'>lit</span> <span class='ocrx_word' id='word_1_281' title='bbox 1660 3737 1827 3834; x_wconf 73' lang='lat' dir='ltr'>prnsump</span> 
     </span>
     <span class='ocr_line' id='line_1_30' title="bbox 453 3834 1829 3932; baseline -0.001 -25"><span class='ocrx_word' id='word_1_282' title='bbox 453 3835 515 3907; x_wconf 85' lang='lat' dir='ltr'>tuli</span> <span class='ocrx_word' id='word_1_283' title='bbox 533 3839 582 3908; x_wconf 89' lang='lat' dir='ltr'>vel</span> <span class='ocrx_word' id='word_1_284' title='bbox 601 3863 639 3907; x_wconf 85' lang='lat' dir='ltr'>er</span> <span class='ocrx_word' id='word_1_285' title='bbox 659 3836 837 3931; x_wconf 84' lang='lat' dir='ltr'>privilegio</span> <span class='ocrx_word' id='word_1_286' title='bbox 857 3838 908 3910; x_wconf 84' lang='lat' dir='ltr'>rel</span> <span class='ocrx_word' id='word_1_287' title='bbox 927 3863 964 3908; x_wconf 87' lang='lat' dir='ltr'>ex</span> <span class='ocrx_word' id='word_1_288' title='bbox 979 3834 1207 3911; x_wconf 85' lang='lat' dir='ltr'>infeudatione</span> <span class='ocrx_word' id='word_1_289' title='bbox 1225 3861 1299 3909; x_wconf 84' lang='lat' dir='ltr'>ante</span> <span class='ocrx_word' id='word_1_290' title='bbox 1317 3835 1505 3909; x_wconf 86' lang='lat' dir='ltr'>Concilium</span> <span class='ocrx_word' id='word_1_291' title='bbox 1525 3834 1743 3907; x_wconf 84' lang='lat' dir='ltr'>Lateranense</span> <span class='ocrx_word' id='word_1_292' title='bbox 1761 3860 1829 3932; x_wconf 82' lang='lat' dir='ltr'>acqr</span> 
     </span>
     <span class='ocr_line' id='line_1_31' title="bbox 452 3931 1829 4031; baseline -0.001 -28"><span class='ocrx_word' id='word_1_293' title='bbox 452 3935 535 4029; x_wconf 90' lang='lat' dir='ltr'>quin</span> <span class='ocrx_word' id='word_1_294' title='bbox 553 3958 664 4006; x_wconf 89' lang='lat' dir='ltr'>autem</span> <span class='ocrx_word' id='word_1_295' title='bbox 682 3939 769 4030; x_wconf 77' lang='lat' dir='ltr'>Papa</span> <span class='ocrx_word' id='word_1_296' title='bbox 789 3937 885 4005; x_wconf 89' lang='lat' dir='ltr'>alicui</span> <span class='ocrx_word' id='word_1_297' title='bbox 912 3937 1059 4031; x_wconf 89' lang='lat' dir='ltr'>Principi</span> <span class='ocrx_word' id='word_1_298' title='bbox 1080 3935 1131 4007; x_wconf 90' lang='lat' dir='ltr'>vel</span> <span class='ocrx_word' id='word_1_299' title='bbox 1154 3939 1254 4007; x_wconf 87' lang='lat' dir='ltr'>etiam</span> <span class='ocrx_word' id='word_1_300' title='bbox 1281 3935 1375 4006; x_wconf 87' lang='lat' dir='ltr'>alteri</span> <span class='ocrx_word' id='word_1_301' title='bbox 1402 3934 1485 4004; x_wconf 85' lang='lat' dir='ltr'>laico</span> <span class='ocrx_word' id='word_1_302' title='bbox 1509 3960 1547 4006; x_wconf 85' lang='lat' dir='ltr'>ex</span> <span class='ocrx_word' id='word_1_303' title='bbox 1573 3931 1706 4029; x_wconf 85' lang='lat' dir='ltr'>speciali</span> <span class='ocrx_word' id='word_1_304' title='bbox 1732 3935 1829 4030; x_wconf 88' lang='lat' dir='ltr'>privil</span> 
     </span>
     <span class='ocr_line' id='line_1_32' title="bbox 453 4030 1829 4130; baseline -0.001 -28"><span class='ocrx_word' id='word_1_305' title='bbox 453 4031 506 4103; x_wconf 83' lang='lat' dir='ltr'>vel</span> <span class='ocrx_word' id='word_1_306' title='bbox 525 4034 557 4104; x_wconf 92' lang='lat' dir='ltr'>in</span> <span class='ocrx_word' id='word_1_307' title='bbox 575 4030 714 4126; x_wconf 88' lang='lat' dir='ltr'>feudum</span> <span class='ocrx_word' id='word_1_308' title='bbox 735 4031 878 4103; x_wconf 88' lang='lat' dir='ltr'>decimas</span> <span class='ocrx_word' id='word_1_309' title='bbox 899 4034 953 4105; x_wconf 84' lang='lat' dir='ltr'>seu</span> <span class='ocrx_word' id='word_1_310' title='bbox 966 4033 1021 4130; x_wconf 89' lang='lat' dir='ltr'>jus</span> <span class='ocrx_word' id='word_1_311' title='bbox 1045 4058 1099 4105; x_wconf 81' lang='lat' dir='ltr'>eas</span> <span class='ocrx_word' id='word_1_312' title='bbox 1118 4033 1326 4130; x_wconf 89' lang='lat' dir='ltr'>percipiendi</span> <span class='ocrx_word' id='word_1_313' title='bbox 1349 4032 1532 4104; x_wconf 88' lang='lat' dir='ltr'>concedere</span> <span class='ocrx_word' id='word_1_314' title='bbox 1551 4033 1676 4112; x_wconf 84' lang='lat' dir='ltr'>valeat,</span> <span class='ocrx_word' id='word_1_315' title='bbox 1714 4055 1781 4102; x_wconf 90' lang='lat' dir='ltr'>non</span> <span class='ocrx_word' id='word_1_316' title='bbox 1805 4031 1829 4100; x_wconf 92' lang='lat' dir='ltr'>d</span> 
     </span>
     <span class='ocr_line' id='line_1_33' title="bbox 449 4129 1829 4223; baseline -0.001 -25"><span class='ocrx_word' id='word_1_317' title='bbox 449 4151 525 4200; x_wconf 85' lang='lat' dir='ltr'>mua</span> <span class='ocrx_word' id='word_1_318' title='bbox 542 4155 616 4202; x_wconf 91' lang='lat' dir='ltr'>cum</span> <span class='ocrx_word' id='word_1_319' title='bbox 635 4135 745 4222; x_wconf 85' lang='lat' dir='ltr'>Engtls</span> <span class='ocrx_word' id='word_1_320' title='bbox 759 4133 799 4198; x_wconf 73' lang='lat' dir='ltr'>aa</span> <span class='ocrx_word' id='word_1_321' title='bbox 818 4134 929 4210; x_wconf 81' lang='lat' dir='ltr'>decrat.</span> <span class='ocrx_word' id='word_1_322' title='bbox 946 4136 976 4202; x_wconf 86' lang='lat' dir='ltr'>lr.</span> <span class='ocrx_word' id='word_1_323' title='bbox 997 4154 1070 4211; x_wconf 67' lang='grc' dir='ltr'>Μ.</span> <span class='ocrx_word' id='word_1_324' title='bbox 1090 4159 1148 4212; x_wconf 81' lang='grc' dir='ltr'>ιι.</span> <span class='ocrx_word' id='word_1_325' title='bbox 1170 4141 1310 4203; x_wconf 82' lang='lat' dir='ltr'>Moneta</span> <span class='ocrx_word' id='word_1_326' title='bbox 1335 4155 1397 4221; x_wconf 75' lang='lat' dir='ltr'>cap.</span> <span class='ocrx_word' id='word_1_327' title='bbox 1418 4158 1448 4211; x_wconf 88' lang='lat'>5.</span> <span class='ocrx_word' id='word_1_328' title='bbox 1467 4157 1499 4207; x_wconf 85' lang='lat' dir='ltr'>rr.</span> <span class='ocrx_word' id='word_1_329' title='bbox 1519 4149 1537 4208; x_wconf 75' lang='lat'><em>8</em></span> <span class='ocrx_word' id='word_1_330' title='bbox 1544 4157 1576 4219; x_wconf 87' lang='lat'>3.</span> <span class='ocrx_word' id='word_1_331' title='bbox 1590 4130 1622 4200; x_wconf 85' lang='lat' dir='ltr'>dr</span> <span class='ocrx_word' id='word_1_332' title='bbox 1637 4129 1793 4223; x_wconf 84' lang='lat' dir='ltr'>pluribus</span> <span class='ocrx_word' id='word_1_333' title='bbox 1811 4129 1829 4198; x_wconf 91' lang='lat' dir='ltr'>il</span> 
     </span>
     <span class='ocr_line' id='line_1_34' title="bbox 451 4223 1829 4326; baseline 0.001 -32"><span class='ocrx_word' id='word_1_334' title='bbox 451 4223 552 4295; x_wconf 87' lang='lat' dir='ltr'>latis:</span> <span class='ocrx_word' id='word_1_335' title='bbox 578 4254 636 4299; x_wconf 87' lang='lat' dir='ltr'>uec</span> <span class='ocrx_word' id='word_1_336' title='bbox 661 4251 770 4299; x_wconf 87' lang='lat' dir='ltr'>tamen</span> <span class='ocrx_word' id='word_1_337' title='bbox 795 4251 833 4297; x_wconf 85' lang='lat' dir='ltr'>ex</span> <span class='ocrx_word' id='word_1_338' title='bbox 859 4230 922 4300; x_wconf 89' lang='lat' dir='ltr'>hoc</span> <span class='ocrx_word' id='word_1_339' title='bbox 946 4226 1087 4313; x_wconf 83' lang='lat' dir='ltr'>inferes,</span> <span class='ocrx_word' id='word_1_340' title='bbox 1113 4226 1203 4326; x_wconf 89' lang='lat' dir='ltr'>quod</span> <span class='ocrx_word' id='word_1_341' title='bbox 1229 4251 1310 4317; x_wconf 84' lang='lat' dir='ltr'>ergo</span> <span class='ocrx_word' id='word_1_342' title='bbox 1332 4227 1433 4298; x_wconf 74' lang='lat' dir='ltr'>laicus</span> <span class='ocrx_word' id='word_1_343' title='bbox 1458 4229 1546 4297; x_wconf 88' lang='lat' dir='ltr'>idem</span> <span class='ocrx_word' id='word_1_344' title='bbox 1568 4228 1620 4323; x_wconf 85' lang='lat' dir='ltr'>jus</span> <span class='ocrx_word' id='word_1_345' title='bbox 1642 4224 1759 4297; x_wconf 88' lang='lat' dir='ltr'>saltem</span> <span class='ocrx_word' id='word_1_346' title='bbox 1780 4250 1829 4296; x_wconf 88' lang='lat' dir='ltr'>ten</span> 
     </span>
     <span class='ocr_line' id='line_1_35' title="bbox 451 4321 1826 4421; baseline 0.004 -32"><span class='ocrx_word' id='word_1_347' title='bbox 451 4322 687 4395; x_wconf 87' lang='lat' dir='ltr'>immemoriali</span> <span class='ocrx_word' id='word_1_348' title='bbox 706 4321 919 4419; x_wconf 82' lang='lat' dir='ltr'>praescribere</span> <span class='ocrx_word' id='word_1_349' title='bbox 934 4328 1063 4414; x_wconf 78' lang='lat' dir='ltr'>velent,</span> <span class='ocrx_word' id='word_1_350' title='bbox 1088 4352 1164 4401; x_wconf 90' lang='lat' dir='ltr'>cnm</span> <span class='ocrx_word' id='word_1_351' title='bbox 1186 4348 1318 4421; x_wconf 75' lang='lat' dir='ltr'>tempus</span> <span class='ocrx_word' id='word_1_352' title='bbox 1337 4326 1579 4400; x_wconf 87' lang='lat' dir='ltr'>immemoriale</span> <span class='ocrx_word' id='word_1_353' title='bbox 1596 4327 1662 4398; x_wconf 86' lang='lat' dir='ltr'>rim</span> <span class='ocrx_word' id='word_1_354' title='bbox 1682 4324 1826 4421; x_wconf 83' lang='lat' dir='ltr'>privileg</span> 
     </span>
     <span class='ocr_line' id='line_1_36' title="bbox 449 4416 1482 4524; baseline 0.002 -29"><span class='ocrx_word' id='word_1_355' title='bbox 449 4416 546 4506; x_wconf 87' lang='lat' dir='ltr'>beat,</span> <span class='ocrx_word' id='word_1_356' title='bbox 569 4446 645 4496; x_wconf 90' lang='lat' dir='ltr'>nam</span> <span class='ocrx_word' id='word_1_357' title='bbox 662 4421 697 4494; x_wconf 91' lang='lat' dir='ltr'>id</span> <span class='ocrx_word' id='word_1_358' title='bbox 715 4418 818 4507; x_wconf 85' lang='lat' dir='ltr'>fallit,</span> <span class='ocrx_word' id='word_1_359' title='bbox 844 4423 902 4498; x_wconf 91' lang='lat' dir='ltr'>ubi</span> <span class='ocrx_word' id='word_1_360' title='bbox 920 4423 1008 4498; x_wconf 84' lang='lat' dir='ltr'>adest</span> <span class='ocrx_word' id='word_1_361' title='bbox 1021 4427 1221 4524; x_wconf 83' lang='lat' dir='ltr'>incapacitas</span> <span class='ocrx_word' id='word_1_362' title='bbox 1237 4424 1271 4495; x_wconf 89' lang='lat' dir='ltr'>in</span> <span class='ocrx_word' id='word_1_363' title='bbox 1288 4419 1482 4521; x_wconf 81' lang='lat' dir='ltr'>poffidcnte.</span> 
     </span>
    </p>
   </div>
   <div class='ocr_carea' id='block_1_8' title="bbox 0 0 2396 5550">
    <p class='ocr_par' dir='ltr' id='par_1_8' title="bbox 0 0 2396 5550">
     <span class='ocr_line' id='line_1_37' title="bbox 0 0 2396 5550; baseline 0 2"><span class='ocrx_word' id='word_1_364' title='bbox 0 0 2396 5550; x_wconf 95' lang='lat' dir='ltr'> </span> 
     </span>
    </p>
   </div>
  </div>
 </body>
</html>
