4784 5550
593 597 659 673 nn
684 590 1045 670 ronuttnuntts
1072 590 1141 669 un
1166 589 1346 698 ronuta
1372 565 1773 674 nectustnsrtcts.
1845 585 1919 693 205'

477 849 480 856 ,
567 772 602 839 8
610 794 640 856 3.
658 775 791 854 prebere
806 782 941 834 conatus
960 770 1027 845 est?
1043 768 1229 853 potallntetn
1250 766 1390 832 ecclestae
1404 788 1475 831 corn
1500 780 1586 834 etete
1600 771 1703 854 poenis
1724 772 1819 838 etiam
1837 772 1934 838 tent?

563 856 719 937 poraliboe
735 868 808 917 teor
824 854 1003 918 coercendi.
1047 852 1130 919 Add.
1147 850 1197 918 til.
1221 847 1257 918 V.
1276 856 1302 935 ς.
1317 868 1387 934 249.
1405 853 1438 913 t‘n
1445 790 1539 934 sedas.

431 1065 433 1122 t
640 1055 643 1060 ·
918 1047 957 1160 j
1067 1044 1351 1136 §.crte¹

556 1196 649 1266 lutet
666 1172 874 1288 ponitentiae
897 1194 1058 1290 &penas
1079 1189 1304 1266 ecclesiasticas
1330 1190 1447 1290 sepius
1469 1214 1604 1290 quoque
1622 1194 1768 1265 occurrit
1793 1193 1913 1285 reteffns
1992 1204 2032 1285 7)

461 1296 630 1388 etproptia
648 1296 754 1385 patria
774 1290 916 1372 &laem
942 1315 1010 1387 quo
1030 1291 1105 1385 quia
1126 1293 1291 1385 peccavit,
1315 1293 1347 1360 in
1363 1292 1489 1374 alium5
1516 1315 1592 1363 eum
1609 1292 1642 1362 in
1658 1288 1758 1361 finem
1781 1288 2082 1382 impoli-Porta

459 1408 513 1469 tat,
536 1412 573 1459 ut
594 1388 646 1460 vel
662 1385 786 1458 occasio
799 1387 955 1482 peccandi
976 1390 1155 1465 vitaretur,
1190 1386 1240 1456 vel
1265 1386 1407 1457 scandali
1428 1387 1614 1482 perieulum
1635 1387 1763 1481 populo
1787 1387 1910 1458 adime·
1924 1382 2086 1428 ‘mm'

431 1491 432 1524 l
455 1506 551 1567 retur,
576 1506 633 1554 aut
648 1488 748 1555 etiam
765 1508 803 1555 ut
821 1507 913 1555 entra
936 1487 1078 1578 patriam
1100 1480 1202 1554 &stbi
1219 1478 1433 1553 familiarium
1457 1480 1670 1578 conspeslum
1692 1478 1820 1553 facilius
1845 1509 1907 1576 poe-
1924 1463 2089 1589 ζζῖῗξδῃ

451 1582 574 1652 nitentia
591 1577 823 1670 susciperetur.
875 1590 950 1650 Can.
971 1605 1005 1662 9·
1023 1580 1090 1667 disi.
1110 1595 1167 1655 tt.
1182 1603 1247 1673 qua
1265 1582 1392 1649 ratione
1407 1580 1573 1649 elericosa
1590 1578 1644 1650 sua
1659 1578 1796 1660 dioecest,
1810 1603 1911 1674 quam
2035 1549 2062 1595 ¹⁶

450 1671 696 1772 saidispesstmis
710 1674 990 1759 dehonestatum,
1015 1674 1183 1745 amandari
1199 1673 1239 1744 ab
1254 1674 1418 1769 episcopia
1433 1673 1523 1768 posse
1538 1700 1600 1768 cap.
1619 1701 1649 1761 3.
1671 1679 1707 1744 de
1731 1681 1803 1745 crim
1839 1678 1910 1761 fals.

450 1769 549 1846 dtltoc
563 1770 657 1843 sensu
673 1796 804 1866 paenam
820 1773 1033 1863 relegationis
1056 1793 1112 1841 aut
1133 1769 1220 1841 exilii
1246 1773 1331 1866 inter
1351 1796 1464 1866 paenas
1488 1767 1711 1842 eccleliaslicns
1733 1796 1912 1844 connume·
2038 1793 2041 1800 '

449 1871 502 1942 tari
523 1869 608 1940 nihil
633 1894 670 1939 re
698 1874 809 1959 ugnat'.
884 1873 983 1938 Poene
1005 1870 1093 1937 enim
1115 1872 1188 1938 veti
1209 1865 1241 1937 dt
1262 1872 1364 1937 ciuilis
1385 1873 1471 1939 exilii
1493 1893 1558 1938 non
1576 1866 1633 1937 nist
1655 1891 1672 1936 a
1694 1865 1860 1960 majeslete
1875 1872 1910 1939 itt
2018 1881 2023 1890 '

449 1988 638 2063 quemquam
683 1968 750 2035 atui
766 1961 883 2059 potest.
933 1966 1050 2060 Qndss
1066 1968 1176 2056 aliquis
1196 1963 1253 2049 ista
1272 1969 1370 2033 amnia
1391 1964 1578 2054 contemserit
1605 1968 1807 2057 &Episcopus
1823 1970 1911 2036 mini·
2027 2045 2031 2052 ⁸

448 2067 798 2152 unanimitatem,
823 2065 964 2132 Recta
988 2065 1193 2155 Juotcto
1219 2061 1388 2132 Exttto
1406 2064 1576 2130 damnetur.
1621 2064 1905 2132 concreante·

448 2176 592 2230 trocn-
616 2183 682 2231 tan.
702 2187 735 2233 4.
751 2182 798 2253 ap.
825 2160 1066 2228 Hnrnutn.
1093 2162 1176 2226 Yam.
1202 2157 1335 2225 lllnt.
1362 2169 1463 2240 199&
1488 2155 1615 2229 addidit
1657 2154 1769 2226 uidem
1796 2158 1910 2232 Rev-s

449 2274 622 2328 nunnus
646 2260 677 2325 in
696 2279 758 2347 cap.
777 2282 808 2324 ι.
826 2258 862 2322 de
877 2257 949 2326 cler.
966 2277 1076 2324 excom.
1096 2253 1135 2321 ad
1149 2254 1369 2344 requifitt'nnent
1393 2253 1533 2337 ecclesa,
1560 2249 1616 2324 sed
1634 2180 1770 2344 semper
1789 2276 1907 2323 vetum
1928 2334 1931 2337 ,

451 2347 564 2431 t'nmet,
589 2374 721 2445 punam
736 2349 834 2419 exsilii
854 2373 915 2445 per
930 2345 1115 2420 secularem
1131 2371 1259 2418 tantum
1277 2345 1470 2442 potestatem
1494 2348 1628 2419 decerni
1650 2346 1738 2443 polle
1760 2370 1822 2442 cap.
1851 2375 1907 2425 tn.

452 2445 569 2536 dejudic.
622 2444 747 2544 Qtodst
763 2450 808 2515 ita
824 2447 1054 2538 interpreteris
1073 2470 1138 2513 can.
1153 2471 1186 2524 n.
1206 2448 1268 2513 lll.
1288 2471 1317 2534 q.
1340 2449 1398 2514 lV.
1415 2470 1479 2514 cnn.
1500 2470 1532 2531 3,
1551 2450 1613 2518 lll.
1637 2473 1666 2538 q.
1691 2452 1733 2519 V.
1754 2470 1818 2518 cntt.
1844 2470 1902 2533 23.

454 2543 503 2629 did.
516 2556 572 2630 63.
588 2568 652 2636 cap.
670 2547 696 2613 1.
715 2547 752 2612 tle
770 2548 898 2613 calaum.
920 2564 979 2610 uos
995 2542 1093 2635 plane
1114 2537 1352 2614 consentientes
1372 2539 1522 2613 habebis.

484 2701 572 2769 nnn
589 2701 753 2771 aaran
777 2706 829 2770 tn.
850 2713 900 2773 an.
923 2706 1031 2791 rant.

458 2931 507 3022 ot
532 2871 916 3025 nusoturtonn
943 2938 1005 3022 nr
1036 2937 1461 3024 utstnusnntotu
1486 2942 1521 3023 a
1548 2935 1809 3063 cursurus
1832 2938 1898 3021 ar
1962 2968 1965 2977 ·
2013 2894 2017 2901 ’

861 3067 1041 3143 POENIS
1068 3068 1469 3143 ECCLESlASTlClS.
1627 3089 1641 3105 ⁶

1065 3241 1093 3328 §-
1141 3234 1256 3308 ctu.
1341 3244 1344 3253 ·

535 3379 712 3480 Superest,
730 3404 767 3452 ut
781 3378 901 3476 quibus
915 3382 1024 3452 modia
1046 3382 1190 3452 censura
1214 3379 1246 3450 dt
1264 3404 1368 3474 paene
1383 3380 1560 3461 tollantur,
1586 3379 1798 3476 explicemus.
1849 3384 1891 3454 Et
1905 3389 2064 3462 Patabso-

449 3476 556 3575 quidem
570 3482 695 3569 censnnae
709 3477 808 3549 semel
824 3477 999 3548 contraslae
1022 3503 1087 3548 nun
1109 3474 1181 3571 ipso
1203 3473 1290 3547 fallo
1311 3501 1372 3571 per
1394 3478 1658 3549 emendationem
1682 3501 1737 3547 aut
1754 3480 1888 3569 quamli.
1903 3472 2060 3544 lurionem

446 3572 766 3656 lttsatissadlionem,
792 3571 845 3644 sed
862 3584 924 3668 per'
944 3575 1169 3658 Absolutionem
1190 3595 1316 3643 tantum
1338 3574 1499 3646 tolluntur
1517 3583 1588 3665 Cap.
1607 3591 1662 3649 28.
1684 3579 1721 3643 de.
1739 3580 1825 3646 Sem.
1839 3601 1886 3645 ex·
1902 3556 2062 3623 ‘⁰¹¹⁰ml1‘

443 3697 498 3745 atet.
510 3700 582 3771 quae
595 3674 688 3767 juxta
709 3691 878 3763 receptum
897 3666 962 3741 sori
982 3667 1184 3741 ecelefiasliei
1204 3666 1447 3741 dislinslionem
1463 3669 1513 3741 vel
1530 3694 1594 3764 pro
1613 3668 1691 3739 foro
1706 3672 1838 3742 interno
1853 3674 1884 3743 ἃ
1900 3635 2054 3707 cmm·

438 3774 640 3865 penitentie,
665 3769 715 3838 vel
735 3791 797 3862 pro
814 3764 889 3837 foro
909 3790 1044 3837 externo
1065 3766 1258 3837 conceditur
1272 3764 1363 3854 (Lib.
1379 3772 1421 3837 V.
1439 3772 1471 3852 §.
1489 3766 1589 3854 259.)
1606 3768 1668 3845 ita,
1702 3789 1739 3837 ut
1759 3771 1886 3862 querit
1926 3852 1928 3857 ¹

436 3861 755 3971 absolutipeffesdum
771 3866 806 3932 in
820 3860 879 3932 suo
901 3860 1007 3934 solum
1028 3856 1123 3943 foro,
1159 3886 1310 3958 proquo
1335 3864 1409 3932 data
1426 3860 1492 3944 esl,
1525 3861 1705 3956 producat,
1737 3865 1819 3934 adeo
1845 3892 1888 3938 ue

433 3961 583 4037 absolutio
603 3961 741 4032 obtenta
762 3961 794 4029 in
819 3953 895 4029 soro
917 3962 1117 4053 poenitentia
1138 3962 1254 4048 vigore
1273 3956 1406 4053 Jubiltei
1428 3960 1603 4030 alteriusve
1619 3961 1734 4050 gratiae
1756 3963 1788 4029 in
1809 3890 1886 4032 istro
2017 3994 2021 3999 ·

430 4081 554 4131 externo
570 4057 654 4129 nihil
670 4053 782 4151 prosit.
832 4057 984 4150 Cumque
1001 4058 1045 4134 is,
1079 4057 1136 4149 qui
1161 4053 1260 4125 ltnbet
1280 4060 1398 4125 clavem
1414 4061 1543 4135 ordinis,
1574 4080 1640 4126 non
1658 4054 1763 4125 slatim
1785 4060 1885 4129 ctian't

430 4160 537 4228 nmen
549 4158 767 4246 tnnndnllnnts
792 4151 913 4222 &viee
934 4150 1024 4220 versa
1042 4151 1181 4230 habeat,
1213 4149 1301 4244 (sup.
1319 4157 1352 4240 §.
1377 4178 1399 4243 4
1425 4154 1452 4243 .)
1475 4157 1667 4243 contingere
1687 4150 1802 4244 saepius
1826 4178 1884 4247 po·

430 4241 496 4334 eli,
518 4273 574 4334 ut,
599 4254 655 4346 qui
673 4247 858 4318 absolvendi
876 4272 894 4315 a
909 4244 1051 4317 censuris
1070 4248 1102 4316 in
1120 4243 1197 4317 soro
1212 4252 1342 4316 interno
1360 4244 1513 4320 facultate
1530 4248 1686 4343 preditus
1703 4244 1764 4327 est,
1790 4250 1823 4317 in
1836 4247 1882 4322 fn.
1931 4318 1934 4321 ,

430 4372 608 4433 eexterno
627 4344 794 4418 absoluere
809 4347 947 4414 minime
968 4337 1072 4438 polstt.
1122 4346 1213 4413 l-liuc
1233 4342 1414 4415 Canonillae
1437 4343 1548 4437 paliim
1571 4345 1721 4422 tradunt,
1755 4343 1882 4417 absolu·

431 4472 484 4535 um
499 4449 534 4517 iu
551 4449 670 4515 anime
686 4440 828 4536 judicio,
853 4442 952 4512 etiem
971 4442 1161 4537 penitentia
1178 4438 1329 4533 perella,
1355 4438 1444 4537 posse
1461 4442 1568 4511 adhue
1581 4444 1613 4509 in
1633 4435 1709 4510 soro
1725 4438 1883 4517 exteriori

432 4538 557 4618 causati
574 4540 606 4614 dt
624 4540 756 4638 puniri,
780 4535 883 4635 idque
897 4537 990 4623 ideo,
1017 4535 1106 4634 quud
1121 4534 1389 4706 ptiutcjudicium
1406 4540 1576 4636 praecipue
1590 4532 1646 4610 fiat
1659 4537 1699 4610 ad
1715 4546 1879 4637 poeuiten·
1981 4545 1984 4551 ’

1262 4654 1279 4706 e
1309 4659 1324 4727 3
1632 4687 1637 4697 ·
1800 4641 1881 4710 tiam
