4784 5550
472 593 546 672 DE
557 589 760 708 nectutis
778 590 873 670 PER
884 591 1242 686 LONGlSSiMUM
1258 594 1294 668 Τ
1297 593 1535 692 ΕΜΡϋὸ-ῘᾸΝ
1551 595 1754 674 Adsunt.
1769 594 1837 676 uc.
1850 601 1921 696 465

435 791 488 844 tat
510 771 696 855 memoria,
720 769 771 844 vel
795 792 926 869 tempus
948 778 1019 846 XL.
1044 798 1207 850 annorum
1228 774 1492 874 praeterlapsum
1510 774 1571 861 fit,
1595 774 1681 850 &in
1704 775 1822 851 vltimo
1844 772 1920 849 casu
1977 775 1982 786 '

436 867 580 966 insuper
599 869 715 942 titulus
731 870 784 940 edi
802 894 911 965 queat.

938 998 1012 1083 Cap.
1031 1019 1060 1066 t.
1084 1001 1120 1064 de
1132 931 1313 1086 prar'scrr'pl.
1331 1004 1364 1064 ln
1380 1001 1412 1070 6.

439 1116 559 1192 Multo
578 1116 683 1206 magis
701 1115 805 1205 igitur
829 1112 971 1186 decimas
990 1140 1052 1211 per
1072 1121 1140 1194 XL.
1159 1141 1262 1192 annos
1280 1124 1312 1192 in
1330 1121 1555 1196 aestimatione
1571 1115 1742 1216 praellitra
1760 1119 1805 1190 ita
1824 1125 1929 1215 prae-²

435 1213 576 1310 scriptas
596 1209 658 1282 esse
677 1209 874 1282 censendum
891 1217 973 1294 etit,
1004 1238 1039 1283 vt
1055 1215 1256 1298 decimator,
1282 1222 1435 1311 quemuis
1452 1221 1502 1294 ius
1520 1219 1663 1290 decimas
1678 1219 1710 1286 in
1723 1241 1839 1288 natura
1853 1220 1921 1290 ecl·

437 1311 539 1406 gendi
558 1333 685 1382 certum
703 1307 876 1388 habuerit,
912 1314 1022 1403 pretio
1039 1313 1108 1381 illo
1122 1338 1183 1406 per
1206 1313 1426 1404 loaigttimun
1443 1340 1507 1387 tent
1537 1341 1574 1386 us
1592 1310 1804 1386 vniformiter
1823 1330 1919 1408 praei

438 1407 519 1482 llito
539 1429 712 1478 contentus
729 1408 844 1476 viuere
859 1406 988 1481 debeat.
1039 1409 1099 1480 llla
1118 1414 1207 1483 enim
1221 1411 1430 1486 obseruantia
1447 1341 1624 1488 vnisbrmis
1638 1415 1674 1485 in
1690 1412 1758 1485 vim
1778 1410 1919 1508 priuiles

434 1507 484 1602 gii
508 1505 542 1582 dr
559 1504 645 1579 tituli
658 1502 804 1598 adlegari
818 1505 957 1598 poterit.

1073 1654 1111 1742 ς.
1160 1651 1273 1727 xlx,

553 1819 836 1917 Quandoquidem
853 1821 919 1903 V.‚
945 1814 1193 1892 licontrailum
1214 1821 1329 1904 illum,
1354 1821 1592 1897 decimatorem
1607 1821 1696 1895 inter
1720 1817 1910 1894 &decima-

433 1919 506 1991 rios
527 1916 666 2000 initum,
695 1942 772 1990 cum
798 1916 940 2013 quadam
962 1915 1142 1986 reflexione
1166 1917 1373 1992 considerare
1400 1922 1495 2006 licet,
1521 1923 1686 1996 ,emtionis
1710 1919 1911 1992 venditionis

432 2019 609 2109 negotium
623 2012 744 2096 adesse,
768 2014 893 2109 absque
912 2037 1030 2105 magna
1047 2012 1243 2086 dillicnltatc
1266 2018 1305 2086 ad
1324 2019 1459 2089 oculum
1475 2041 1591 2111 pat-ere
1614 2017 1756 2090 videtur.
1806 2015 1912 2086 Nune

433 2137 547 2186 eutem
565 2118 669 2185 cantio
695 2112 842 2185 venditio
866 2110 981 2181 titulos
1006 2110 1046 2180 ad
1069 2109 1360 2206 praescribendum
1383 2112 1431 2186 ell
1453 2115 1591 2197 babilis,
1625 2137 1687 2208 per
1706 2108 1910 2206 consequens

431 2207 619 2288 antedislac
633 2206 862 2282 observantiae
877 2208 961 2278 nihil
980 2212 1117 2279 omnino
1134 2211 1288 2289 decedet,
1312 2236 1381 2306 quo
1398 2213 1508 2283 minus
1534 2210 1828 2308 praescriptionem
1845 2231 1911 2303 pro

431 2307 623 2380 decimariis
639 2307 782 2382 cuincat.
831 2308 974 2376 Maioris
992 2329 1072 2376 veto
1090 2306 1326 2401 propositionis
1341 2313 1461 2378 veritas
1475 2333 1513 2378 ex
1530 2331 1681 2380 accurata
1699 2305 1909 2389 differentia,

433 2403 634 2477 locationem
649 2401 904 2476 conduslionem
925 2405 1011 2472 inter
1031 2404 1062 2472 dt
1085 2408 1266 2475 emtionem
1286 2405 1509 2475 venditionem
1528 2405 1741 2496 designanda,
1772 2405 1823 2474 vel
1840 2426 1911 2472 ma·

430 2503 518 2574 alme
536 2500 708 2581 elucescet,
760 2503 808 2584 a.)
827 2501 929 2589 igitur
947 2496 1215 2589 distinguendum
1239 2499 1304 2586 cll,
1338 2527 1418 2571 num
1441 2507 1475 2571 in
1493 2499 1699 2571 contrnslum
1717 2502 1825 2573 veniat
1841 2497 1910 2572 sola

430 2599 568 2670 inclino
586 2603 632 2670 rei
656 2624 719 2692 pro
743 2621 900 2691 pecunia,
927 2593 1024 2667 &est
1046 2596 1213 2680 v·cnditio;
1240 2621 1298 2667 aut
1320 2598 1411 2693 quod
1431 2603 1465 2670 in
1487 2597 1694 2669 contrabium
1714 2599 1823 2670 veniat
1843 2620 1908 2691 pro

430 2717 520 2770 terta
535 2697 690 2768 mercede
714 2694 848 2789 aliquod
874 2689 1018 2776 satlum,
1038 2695 1127 2789 quod
1152 2695 1252 2765 locari
1269 2694 1370 2776 solet,
1390 2719 1429 2765 er
1447 2721 1515 2791 quo
1535 2720 1600 2766 non
1627 2693 1777 2792 sequitur
1800 2693 1909 2765 domi·

430 2798 523 2867 nium
548 2795 685 2865 alicuius
704 2795 772 2873 rei,
797 2792 829 2861 dr
851 2789 897 2862 cst
922 2790 1043 2861 locatio
1063 2789 1252 2863 conduslio.
1303 2795 1392 2861 Dein
1413 2795 1463 2882 a)
1485 2790 1556 2862 liin
1578 2816 1759 2885 vtrumque
1776 2813 1907 2879 contra·

430 2890 520 2963 llum
541 2895 649 2963 veniat
666 2892 755 2960 datio
774 2889 806 2959 dr
824 2883 967 2969 faslutu,
986 2884 1145 2958 vcnffima
1163 2891 1195 2957 in
1213 2886 1333 2969 dubio,
1356 2888 1437 2958 &in
1453 2886 1582 2979 iegibus
1599 2884 1838 2977 probatiffima,
1856 2884 1905 2958 est
2045 2926 2054 2937 =

430 2986 617 3072 dillinslio,
635 2988 724 3085 quod
743 3011 819 3057 tunc
839 2983 874 3056 stt
888 2989 991 3056 emtio
1008 2986 1174 3068 venditio,
1195 2985 1328 3083 quando
1345 2985 1576 3081 principaliter
1594 2987 1683 3065 venit
1704 2984 1840 3055 traditio
1854 2985 1906 3056 rel

430 3079 1367 3257 {1²⁰⁹“t⁹”³²3“·'3’alssllllttllssfflta‘iiillss
1388 3078 1910 3273 liiitbli⁰³⁹iliiis⁰⁵‘>f⁶i

430 3208 855 3357 wbdlulrdsbbnallslum,
878 3277 931 3346 vbi
949 3234 1110 3370 quianon
1135 3229 1303 3355 saciendo,
1326 3266 1479 3358 finendo,
1503 3234 1577 3346 non·
1594 3204 1833 3373 impediendas,
1851 3298 1911 3373 pa·

430 3378 546 3452 tiendo
567 3377 692 3470 aliquid
720 3400 782 3469 pro
807 3396 894 3443 certa
917 3377 1054 3464 pecunia
1082 3370 1265 3455 transfert,
1291 3373 1407 3445 rursus
1434 3372 1634 3464 distinguere
1666 3372 1786 3467 placet.
1835 3380 1907 3446 Aut

430 3479 519 3549 enim
536 3475 593 3545 illa
618 3476 793 3569 patientia,
814 3470 870 3539 ille
893 3468 1015 3538 sinendi
1043 3470 1180 3551 modus,
1199 3472 1281 3540 illud
1304 3496 1371 3540 non
1394 3466 1519 3541 saelum
1535 3473 1578 3539 ita
1604 3493 1832 3564 comparatum
1848 3466 1907 3551 est,

430 3595 544 3669 vepro
561 3573 737 3642 traditione
757 3571 838 3639 iuris
861 3569 971 3662 potius
999 3590 1245 3650 momentanea,
1270 3592 1370 3661 quam
1392 3592 1455 3664 pro
1478 3563 1566 3638 sasso
1589 3564 1702 3637 haberi
1727 3589 1846 3661 queat3
1872 3566 1908 3639 dt

430 3669 537 3743 ederit
553 3672 657 3740 emtio
676 3668 708 3738 dr
728 3667 887 3738 venditio.
936 3660 1061 3757 Quodsi
1077 3685 1157 3735 vero
1174 3664 1230 3734 illa
1250 3668 1424 3758 patientia,
1447 3664 1570 3757 illeque
1588 3660 1710 3734 sinendi
1727 3663 1848 3733 modus
1862 3665 1909 3737 ite

430 3764 463 3841 se
476 3766 616 3848 babeat,
633 3790 667 3836 vt
693 3768 805 3861 potius
829 3786 892 3858 pro
910 3785 975 3832 non
1000 3756 1088 3831 saslo
1110 3760 1374 3856 permanente&
1391 3762 1526 3856 quidem
1542 3761 1726 3842 eiusmodi,
1743 3760 1834 3857 quod
1853 3761 1908 3833 lo·

430 3865 498 3937 ceti
521 3861 622 3942 solet,
642 3886 741 3957 quam
765 3885 829 3956 pro
856 3861 1012 3950 patientia
1033 3882 1281 3938 momentanea,
1304 3881 1389 3954 quae
1410 3860 1625 3929 traditionem
1646 3859 1821 3931 inuoluere
1835 3856 1909 3954 pol·
2057 3844 2084 3924 .'

430 3958 487 4045 fit,
503 3963 655 4057 reputari
681 3959 816 4036 debeat,
837 3957 1034 4027 locationem
1053 3952 1310 4027 conduslionem
1332 3952 1457 4038 adesse,
1477 3955 1654 4027 dicendum
1677 3955 1734 4034 cst.
1786 3955 1907 4050 Adpli·

430 4058 536 4133 tando
555 4058 720 4153 principia
738 4056 857 4126 tradita
876 4053 916 4122 ad
937 4050 1065 4125 causam
1091 4049 1317 4147 praesentem,
1337 4078 1402 4123 non
1422 4052 1570 4134 videtur,
1590 4054 1673 4123 illud
1697 4077 1761 4122 non
1778 4047 1932 4125 fatiam*
2045 4126 2051 4135 ,

430 4158 610 4255 patientiae
632 4147 862 4247 principaliter
876 4154 909 4218 in
930 4153 1204 4231 conventionem,
1222 4151 1459 4223 decimatorem
1476 4153 1562 4223 inter
1579 4150 1611 4221 dr
1627 4151 1824 4221 decimanos
1841 4151 1905 4219 ini·

430 4276 518 4343 tam,
542 4248 722 4322 deduslum
744 4244 856 4331 luisse,
881 4243 935 4317 sed
958 4251 1069 4342 potius
1089 4250 1235 4343 pretium
1259 4272 1323 4343 pro
1345 4246 1482 4320 decimis
1507 4249 1729 4319 edecimariia
1746 4248 1843 4328 dari,
1870 4245 1906 4321 dr

430 4372 585 4447 apertam
605 4347 659 4418 hic
680 4367 880 4416 concurrere
895 4345 1140 4430 venditionem3
1159 4367 1193 4416 vt
1205 4368 1239 4417 vt
1256 4344 1355 4417 verba
1369 4345 1541 4418 locationis
1560 4339 1790 4414 conduslionis
1806 4351 1839 4414 in
1858 4345 1907 4414 in·

430 4446 614 4519 llrumcnto
642 4439 831 4515 concretius
854 4444 1078 4541 reperiantur.
1138 4446 1222 4516 Non
1252 4446 1343 4516 enim
1367 4466 1480 4519 cortex
1510 4438 1716 4526 verborum,
1743 4436 1799 4514 sed
1822 4438 1906 4538 quid

430 4542 560 4624 ellum,
580 4539 696 4635 inspici
716 4537 826 4615 debet.

478 4664 580 4743 Tum.
607 4661 653 4743 V
645 4660 696 4740 ll.
1223 4662 1298 4734 Nn
1320 4686 1341 4736 n
1780 4662 1815 4752 ᾖ.
1831 4657 1904 4735 ΧΧ.
