4784 5550
448 595 521 676 443
900 564 1471 652 o'issittirnrio

451 749 582 826 cellum
599 745 645 822 esi
664 770 765 846 penei
780 745 976 829 Ecclesiam,
1000 767 1077 817 tunc
1093 739 1295 839 potiilimum
1311 740 1448 839 quallio
1466 740 1552 813 oriri
1573 735 1677 828 solet,
1703 764 1749 814 ati
1772 740 1856 816 talea
1871 747 1930 818 De·

364 865 369 884 ⁸
451 854 563 929 cirne,
590 871 764 948 quousque
782 871 882 918 nexus
902 842 1042 916 feudalis
1068 843 1243 937 perdurat¹
1270 841 1428 934 qualitate
1453 837 1675 910 Ecclesiastico
1699 837 1763 912 lint
1778 839 1922 932 effeilae,

452 969 512 1017 nec
535 948 606 1014 ne?
638 946 725 1014 circa
751 943 845 1035 cujus
865 940 1052 1038 quacslionic
1073 938 1309 1010 resolutionem
1334 940 1457 1032 pterie
1477 936 1724 1024 observandum
1747 937 1816 1029 esi,
1841 935 1919 1014 soille

452 1061 624 1135 tempora,
651 1041 745 1133 queis
764 1041 891 1111 Pralati
912 1063 975 1132 pro
997 1035 1101 1106 lubitu
1121 1037 1209 1106 circn
1227 1032 1312 1104 bona
1329 1031 1548 1104 Ecclesiastica
1569 1031 1710 1116 versati,
1744 1031 1915 1130 eaequesr·
1939 1115 1941 1140 Ι

452 1138 577 1208 cillime
593 1137 736 1207 alienare
763 1134 1014 1231 presumebant.
1067 1134 1237 1225 Precipue
1258 1136 1290 1200 in
1316 1130 1410 1201 bonis
1430 1127 1634 1201 Mensalibus
1655 1131 1851 1204 liberiorem
1869 1129 1911 1204 lii
1937 1159 1941 1192 i

450 1229 514 1304 elle
534 1232 729 1328 potestatem
745 1256 971 1312 autumantes,
996 1227 1204 1300 substantiam
1229 1227 1378 1300 Ecclesiae
1395 1230 1477 1298 citra
1501 1223 1723 1300 necessitatem
1742 1229 1795 1300 vel
1811 1227 1911 1300 utilin-

452 1353 520 1402 tem
537 1335 571 1398 in
594 1329 669 1399 suot
684 1327 961 1421 consanguineos,
997 1351 1052 1396 aut
1076 1327 1170 1420 queit
1193 1320 1367 1406 favebant,
1392 1326 1532 1404 militet,
1562 1324 1814 1418 impendebant.
1858 1323 1909 1398 Ab
1938 1319 1941 1410 l

422 1415 429 1433 ’
453 1423 526 1498 usui
553 1427 630 1496 huic
647 1422 842 1518 frequenter
860 1424 990 1496 obicem
1006 1446 1131 1519 ponere
1155 1420 1235 1494 secri
1259 1426 1411 1497 Ciiionea
1432 1422 1675 1494 contendebant
1685 1469 1708 1504 ‚-
1729 1447 1820 1494 nunc
1838 1424 1912 1506 eiiii
1935 1455 1941 1538 1ι

453 1523 668 1594 alienationes
691 1546 804 1624 iprum
820 1519 1137 1601 Ecclesiellicirum,
1162 1543 1249 1596 nunc
1272 1520 1437 1590 bonorum
1458 1517 1659 1590 Mensalium
1676 1517 1909 1615 prohibebaot3
1939 1543 1941 1600 j

451 1607 486 1690 in
511 1617 618 1714 specie
637 1642 717 1691 vero
736 1615 964 1691 infeudatione
985 1620 1203 1688 Decimarum
1224 1620 1265 1688 iia
1291 1616 1461 1688 interdixit
1485 1618 1767 1690 Graeceius
1792 1619 1868 1690 vti.
1884 1619 1912 1687 ir
1930 1622 1941 1690 t·

450 1711 544 1801 'crus
571 1729 622 1787 16.
643 1715 751 1813 Qqs.
771 1743 803 1797 γ.
823 1741 888 1787 can.
911 1741 944 1803 3.
997 1720 1124 1786 Verum
1147 1715 1197 1784 he
1216 1737 1332 1786 omnes
1357 1712 1603 1809 prohibitiones
1622 1709 1704 1786 sicut
1723 1735 1849 1786 tantuin
1869 1709 1914 1782 ab·

450 1810 528 1883 usui
544 1809 591 1882 sui
609 1815 770 1905 temporit
787 1807 934 1886 resecare
951 1811 1185 1892 intendebant;
1214 1814 1257 1882 ita
1276 1816 1471 1906 neutiquam
1495 1810 1625 1881 illicitae
1647 1809 1792 1884 reddere
1808 1812 1915 1902 engici·

454 1906 619 1979 bontillaa
640 1907 903 1991 infeudationea,
937 1913 1031 2005 queis
1048 1908 1285 2003 locupletiores
1301 1905 1396 1978 frete
1422 1904 1588 1989 Ecclefiae,
1623 1907 1705 1980 doni
1730 1909 1930 1980 Dominiutii'

459 2002 625 2078 ditessum
640 2008 692 2079 vel
709 2010 741 2077 in
761 2011 916 2080 Decimae
933 2007 1083 2088 laicales,
1101 2006 1153 2078 vel
1172 2009 1206 2076 in
1219 2005 1282 2076 alia
1297 2004 1385 2078 bone
1401 2006 1462 2078 hac
1475 2008 1603 2077 ratione
1618 2003 1853 2100 acquirebant,
1873 2001 1918 2077 ni

454 2125 537 2199 quai
558 2105 626 2198 ipsa
651 2099 816 2178 necessitas
839 2109 971 2200 exigere
989 2103 1183 2182 videbatur;
1216 2104 1305 2175 unde
1327 2127 1392 2198 pro
1412 2104 1511 2199 liujus
1533 2104 1696 2194 exigentia
1714 2127 1784 2174 nnn
1804 2099 1918 2178 dubita·

453 2198 534 2271 bani
557 2199 734 2284 Presulea,
762 2205 862 2274 etiam
885 2199 1040 2297 personas
1061 2200 1229 2276 seculares
1255 2198 1336 2272 sicut
1355 2201 1428 2272 aliit
1446 2197 1632 2292 redhibui,
1664 2201 1711 2271 itii
1728 2199 1763 2272 di
1782 2197 1918 2272 Decimii

455 2295 622 2370 invcslire.
674 2300 795 2391 Aliqua
818 2300 973 2394 Exempla
998 2295 1149 2368 offeram.
1201 2301 1255 2371 Sic
1278 2288 1573 2392 dumDomini'um
1595 2295 1764 2371 dicessum
1783 2301 1818 2370 in
1838 2295 1918 2368 rarii

454 2392 558 2475 bona,
586 2392 745 2487 smulque
763 2395 922 2474 militem,
949 2394 1148 2466 turbulentis
1170 2399 1360 2468 Germeniae
1387 2394 1613 2489 temporibus,
1647 2391 1801 2466 Ecclesiia
1818 2393 1917 2466 admo·

455 2492 535 2560 dum
553 2487 784 2569 necessetium,
810 2497 983 2585 acquirere
1003 2512 1135 2583 poteret
1160 2490 1299 2564 Ecclefia
1323 2490 1539 2571 Patavietisic,
1573 2516 1640 2561 iioii
1664 2490 1830 2563 dubitavit
1847 2491 1917 2586 Epi!

452 2585 570 2678 scopus
590 2597 675 2660 Anti.
699 2612 733 2659 ii
741 2599 800 2673 98.
823 2590 856 2656 iii
875 2585 1013 2657 seudum
1032 2588 1216 2661 concedere
1237 2593 1390 2660 Decimus
1411 2589 1450 2660 ad
1468 2585 1643 2660 Ecclesiam
1665 2583 1871 2683 pertinenter
1888 2587 1917 2656 iu

453 2685 553 2754 Luo
567 2704 636 2759 uiv.
656 2689 720 2753 Rel.
743 2686 845 2776 Mlti.
868 2691 952 2756 Yam.
972 2713 1006 2761 4.
1022 2707 1052 2777 p.
1070 2711 1150 2757 arr.
1201 2685 1324 2757 Eidem
1342 2689 1482 2759 Ratione
1497 2687 1630 2757 Conciti
1646 2687 1805 2762 Decimae
1818 2706 1917 2758 ctititn·¹

453 2778 494 2854 lit
509 2780 692 2876 Episcopus
710 2780 984 2875 Razeburgensit,
1012 2785 1045 2853 in
1063 2786 1099 2852 H
1113 2803 1302 2858 uiniOLt)
1323 2790 1433 2862 curin.
1450 2789 1578 2857 Ssaevet.
1597 2785 1665 2856 lis.
1685 2812 1714 2861 t.
1732 2794 1770 2857 C.
1785 2810 1843 2865 77.
1871 2784 1915 2853 Sic

452 2878 609 2949 Decimus
626 2878 666 2949 ab
684 2879 824 2953 Ecclefie
845 2882 1069 2975 Monguniina
1089 2884 1282 2975 recognovit
1309 2879 1525 2973 Landgrafiut
1548 2878 1628 2953 tesle
1647 2881 1776 2953 Charta
1789 2882 1824 2953 in
1844 2880 1915 2953 Gur

453 2994 563 3052 neti.
592 2981 676 3047 Tim.
703 3006 731 3052 i.
751 3001 818 3074 pag.
843 3006 883 3059 70
891 3005 924 3065 3.
974 2982 1027 3049 Sic
1046 2979 1173 3049 Milites
1195 2979 1365 3074 quideme
1390 2975 1598 3051 Monaslerio
1616 2972 1848 3053 Heriseldenli
1862 2980 1916 3047 ur»
1938 3004 1941 3055 i

453 3073 556 3143 cimas
581 3078 615 3145 in
635 3070 774 3146 feudum
794 3098 984 3154 tenuerant,
1019 3099 1078 3148 ceu
1107 3099 1198 3169 paret
1221 3101 1240 3149 e
1264 3075 1378 3146 clrnrta
1399 3076 1441 3147 de
1464 3084 1529 3148 An.
1555 3090 1658 3171 ¹²73·
1679 3076 1770 3171 apud
1786 3074 1913 3147 eunden
1938 3064 1941 3117 t

454 3172 560 3248 Tom.
583 3198 609 3245 ι,
632 3196 663 3260 p.
687 3197 763 3243 itt.
814 3175 1327 3249 SicAiciii·Etrscoaus
1352 3178 1621 3245 Bueiraiisis
1644 3180 1732 3245 Anu.
1761 3170 1912 3263 rapui·

455 3290 531 3336 vem
546 3267 709 3336 itiveliivit
725 3271 874 3341 Decimii
893 3272 924 3337 in
944 3274 1287 3342 Settcttuttttizitu
1308 3275 1395 3363 prim.
1415 3276 1469 3347 iiii.
1489 3272 1613 3363 append,
1629 3292 1657 3359 p.
1674 3287 1707 3347 ε.
1759 3272 1813 3342 sic
1831 3266 1910 3339 Deci·
1932 3328 1935 3333 .

453 3386 524 3433 mas
543 3364 583 3434 ab
602 3362 739 3436 Ecclesia
759 3362 912 3437 Fuldensi
929 3367 961 3434 iii
978 3361 1114 3439 feudum
1133 3367 1249 3438 habuit
1266 3366 1452 3461 Dyinaila:
1480 3391 1579 3463 proiit
1594 3390 1685 3460 patet
1699 3390 1718 3437 e
1734 3368 1907 3461 Diplomett
1927 3338 1936 3431 l

455 3459 498 3531 de
519 3469 584 3532 An.
608 3488 709 3549 ¹304·
730 3465 761 3532 in
778 3465 959 3534 Guoatt.
976 3466 1080 3538 Toni.
1100 3487 1133 3548 4.
1154 3489 1187 3554 p.
1206 3477 1289 3552 988.
1311 3466 1342 3536 dt
1361 3466 1401 3536 nb
1419 3462 1559 3537 Ecclesia
1582 3465 1785 3553 Moguntinn
1807 3468 1904 3535 Comei

453 3556 556 3631 Telle
570 3560 693 3629 Charta
710 3560 750 3629 de
765 3568 854 3634 Anii.
874 3586 975 3651 1312.
990 3558 1113 3636 ibidem
1129 3565 1235 3633 Tom.
1257 3587 1289 3646 3.
1304 3587 1338 3656 p.
1357 3578 1413 3648 84.
1462 3564 1624 3637 Similiter
1638 3560 1678 3633 eb
1694 3564 1903 3635 Eerrcoio
1925 3570 1941 3659 ξ

454 3655 822 3728 Honornocnnsr
847 3667 911 3729 An.
937 3681 1039 3747 1431.
1058 3659 1089 3725 iii
1108 3661 1255 3728 LutttG
1283 3669 1369 3750 corp.
1387 3666 1461 3753 Jitr.
1480 3662 1675 3752 [catigerni.
1699 3682 1733 3752 p.
1763 3649 1903 3749 1559.ud
1925 3662 1941 3701 ⁸·

454 3748 487 3819 cit
508 3752 611 3821 ilites
635 3752 674 3823 eb
697 3752 836 3825 licclefia
855 3758 1055 3845 Moguniina
1075 3762 1164 3825 Anti.
1191 3760 1295 3846 1436.
1321 3759 1354 3823 in
1376 3759 1729 3827 Seueri-nnana
1752 3765 1814 3830 cit.
1834 3760 1868 3827 t.
1882 3770 1903 3845 p

452 3871 489 3932 5.
513 3852 543 3916 iri
563 3849 638 3938 fine.
668 3854 792 3943 paritet
820 3857 941 3923 Comen
965 3850 1005 3922 ab
1033 3849 1173 3931 Ecclefic
1198 3849 1350 3928 Fuldensi
1378 3860 1442 3930 An,
1478 3861 1581 3939 1462.
1611 3855 1645 3923 in
1669 3856 1903 3923 scnrnnri

453 3947 556 4021 client.
575 3948 610 4020 ὅ
626 3950 716 4016 fuld.
736 3954 808 4025 cnd.
831 3952 912 4041 prol.
941 3956 987 4023 N.
1010 3975 1086 4028 127.
1136 3952 1212 4020 Hac
1229 3953 1318 4020 enim
1339 3952 1468 4020 ratione
1485 3949 1663 4044 oportebat
1682 3972 1801 4044 pacem
1821 3942 1904 4019 ula

451 4037 633 4112 sensionem
651 4047 837 4131 impetrare
857 4043 1024 4124 Ecclesiis,
1048 4046 1104 4114 ubi
1121 4070 1220 4125 omne
1239 4045 1310 4118 fere
1325 4047 1378 4140 jus
1399 4050 1589 4117 Germaniae
1605 4050 1638 4114 in
1660 4071 1761 4117 manti
1781 4046 1812 4118 u
1831 4040 1903 4116 beslii

451 4143 610 4234 privetis,
635 4165 671 4209 ac
689 4138 939 4235 spoliationibus
956 4141 1167 4213 consistebat:
1197 4148 1237 4213 Et
1260 4146 1330 4213 ltaec
1350 4144 1395 4215 cst
1419 4148 1522 4225 ratio,
1549 4169 1608 4213 cur
1631 4143 1731 4215 hodie
1750 4168 1801 4214 tot
1815 4141 1905 4237 super·

453 4234 514 4306 sirit
528 4241 694 4321 Decinic,
720 4263 800 4333 quas
823 4236 991 4307 seculares
1007 4244 1039 4308 iti
1056 4235 1193 4308 leuduni
1212 4239 1250 4308 ab
1274 4240 1423 4311 Ecclesia
1440 4240 1693 4331 recognoscunt.
1744 4247 1841 4313 Circa
1857 4242 1907 4309 De·

454 4336 556 4402 cimas
581 4332 674 4405 linsce
694 4334 803 4430 quoad
828 4332 987 4431 puniium
1015 4336 1207 4429 reparandae
1232 4340 1379 4409 Ecciefiae
1405 4343 1449 4408 iti
1473 4338 1583 4408 scribit
1606 4338 1907 4410 Vanitatiswii

454 4432 606 4503 Peretiil.
624 4438 701 4530 yur.
721 4444 833 4505 Canon.
859 4428 927 4504 Lti.
948 4457 981 4519 3.
1006 4438 1068 4510 Tic,
1088 4451 1147 4510 45..
1166 4443 1215 4507 N.
1234 4465 1268 4515 4.
1290 4443 1416 4507 Decime
1432 4437 1572 4525 feudales
1587 4440 1618 4505 in
1641 4460 1732 4503 niano
1752 4442 1846 4509 Leito
1863 4432 1908 4504 tid·

446 4527 563 4622 stetim
579 4534 651 4623 {unt
669 4539 758 4627 plane
776 4538 921 4612 imniuiiei
936 4534 973 4602 ab
988 4555 1075 4607 inm
1089 4539 1325 4629 repetendarum
1343 4535 1559 4628 Eccleficium,
1590 4534 1746 4611 &eitum
1763 4534 1911 4705 Pariqbitt

1861 4644 1911 4703 tw
