4784 5550
453 653 527 732 454
898 605 1474 706 u1ssrnrnrio

455 803 479 877 ii
497 799 659 901 predium
679 805 712 874 in
729 800 865 896 aiicujus
883 802 1046 876 Perochit
1062 826 1127 872 non
1143 798 1180 872 iit
1197 797 1292 870 situm
1312 794 1479 872 Moneri:
1503 801 1535 872 in
1550 799 1586 874 d.
1597 792 1692 875 trid.
1708 823 1777 894 cap.
1796 831 1829 886 7·
1843 821 1875 884 rr,
1890 819 1916 895 9,

458 907 493 978 ὅ
504 905 588 994 seqq.
606 903 693 976 secus
712 899 829 974 γετοῦ
854 901 945 970 iocus
962 897 1039 971 effer
1059 904 1143 971 iurrr
1168 899 1248 968 duur
1268 897 1461 992 parochiae,
1486 894 1542 970 sed
1564 899 1758 988 ignoretur,
1791 901 1917 1000 subque

455 998 514 1080 fit,
536 1023 701 1090 nrm-runc
716 1024 781 1071 non
799 997 913 1069 deberi
931 995 1117 1095 Episcopo,
1142 994 1196 1069 sed
1212 997 1325 1091 potius
1342 996 1429 1067 inter
1442 1017 1621 1087 utromque
1638 1001 1834 1091 parochiam
1851 1002 1917 1074 diri·

457 1095 579 1168 dendus
607 1093 669 1167 ess'e
696 1099 772 1194 post·
786 1097 937 1174 Abbium
963 1101 996 1169 in
1025 1119 1089 1192 rap.
1119 1099 1260 1196 quiriani
1282 1117 1317 1170 tt.
1342 1096 1380 1166 de
1411 1097 1534 1172 decimis
1558 1091 1674 1171 sutdct
1709 1105 1853 1176 Moneta
1875 1103 1916 1188 tit,

455 1198 513 1268 iot.
533 1217 562 1274 rr.
591 1220 645 1274 rr.

1106 1310 1203 1400 ‘XI-

463 1533 465 1540 ·
571 1495 635 1568 Sed
652 1494 774 1593 quidsi
802 1497 920 1588 uliquis
942 1500 976 1571 in
998 1522 1065 1570 unu
1085 1493 1245 1592 parochie
1265 1493 1430 1590 percipiet
1449 1495 1686 1582 sacramente,
1707 1497 1742 1572 in
1764 1497 1831 1572 tiit
1850 1519 1914 1574 rtto

456 1587 512 1665 suu
528 1594 660 1687 predio
676 1594 791 1666 colet?
819 1597 939 1690 Qrood
955 1597 1099 1668 decimas
1121 1595 1308 1690 perionriee
1331 1589 1507 1666 definitum
1522 1593 1568 1668 est
1588 1601 1620 1668 in
1643 1621 1708 1690 up.
1726 1624 1786 1677 ro.
1802 1624 1836 1671 x.
1851 1601 1878 1676 i.
1890 1616 1911 1669 t.

457 1691 549 1787 quod
573 1691 755 1763 debeantur
770 1695 955 1788 parochie,
972 1698 1005 1766 in
1022 1719 1086 1789 que
1108 1683 1325 1766 Ecclefiassica
1349 1693 1584 1785 percipiuntur.
1598 1697 1833 1777 Sacramenta,
1849 1715 1916 1790 ‘1⁰⁰¹

455 1787 497 1858 ed
517 1788 690 1883 prediules
712 1814 823 1860 aurem
840 1798 871 1862 in
887 1800 939 1872 cir,
955 1817 1016 1883 cap.
1039 1818 1095 1862 ιο.
1113 1815 1224 1862 necnon
1238 1810 1299 1879 cap.
1322 1805 1375 1864 rt·
1390 1792 1421 1856 b.
1436 1810 1463 1862 t.
1480 1788 1562 1863 dicit
1572 1785 1726 1864 Pontifex
1740 1791 1782 1862 ed
1799 1789 1915 1864 eonsut·

354 1967 358 1974 Ι
458 1886 609 1955 tudinem
627 1883 689 1957 effe
708 1891 967 1971 recurrendum,
986 1913 1050 1984 qur
1064 1891 1097 1958 in
1115 1883 1319 1958 contrarium
1335 1881 1473 1958 ceiiunte
1483 1891 1579 1977 juxte
1590 1889 1678 1982 gitff,
1693 1895 1726 1960 in
1743 1913 1809 1984 up.
1818 1889 1915 1984 finit

452 1992 573 2076 paroch.
590 2009 677 2054 vrrs.
696 1989 895 2079 prediorum:
913 1992 947 2062 ii
963 1993 993 2058 in
1010 2012 1073 2078 cap.
1095 2013 1152 2057 ιο.
1168 1989 1200 2065 b.
1218 2006 1243 2059 t,
1260 1983 1354 2067 versu
1374 1984 1568 2074 consuetudo:
1596 2010 1648 2058 nec
1667 2011 1728 2060 orn
1743 1993 1779 2057 in
1793 2011 1856 2084 rep.
1873 1999 1915 2066 rt,

431 2084 521 2150 'eod
540 2089 592 2154 rit.
609 2106 695 2153 vers.
712 2083 848 2174 diverse.
865 2086 906 2157 de
921 2083 996 2178 jure
1010 2090 1180 2158 communi
1196 2082 1246 2154 iiii
1269 2075 1423 2156 Eeelefie
1439 2077 1622 2174 debentur,
1641 2079 1701 2158 sub
1720 2107 1790 2184 que
1804 2081 1917 2186 predi!

454 2170 531 2254 suut
546 2175 624 2267 fite,
645 2179 757 2256 &huc
774 2179 890 2280 prffim
906 2181 1031 2284 ubique
1046 2177 1259 2258 observamur

1142 2386 1236 2464 XII.

568 2559 725 2631 Decimus
748 2557 916 2632 novalium
941 2554 1031 2650 quod
1052 2555 1187 2636 etrinet,
1209 2554 1272 2626 elio
1290 2552 1364 2627 sunt
1386 2555 1516 2628 novolio
1537 2563 1697 2654 proprie,
1723 2558 1788 2632 tiio
1807 2561 1917 2659 imprui

453 2652 531 2749 prie
546 2653 651 2728 dieti:
678 2661 815 2753 proprie
832 2654 919 2725 dida
934 2652 1007 2725 sunt
1029 2654 1121 2723 locut
1145 2656 1282 2724 omnino
1304 2651 1421 2723 sterilis
1441 2654 1481 2724 od
1502 2656 1666 2727 ruiturum
1688 2655 1862 2742 reduetus,
1881 2660 1917 2732 de

455 2774 524 2844 quo
543 2778 609 2825 non
626 2778 712 2827 exter
729 2756 912 2834 memorio,
931 2752 1020 2849 quod
1038 2750 1217 2846 oiiqurndo
1234 2750 1341 2822 cuirur
1358 2747 1482 2823 fuiiiet:
1497 2777 1561 2846 cap.
1575 2759 1649 2845 quiri
1667 2779 1721 2846 per
1740 2762 1855 2830 novale
1870 2782 1917 2831 rr.

454 2872 489 2919 x.
506 2854 542 2919 de
564 2860 603 2925 V.
618 2860 649 2925 S.
676 2855 863 2948 improprie
886 2874 996 2923 tutem
1019 2848 1107 2919 did·
1131 2849 1260 2921 novtlit
1282 2849 1457 2932 dicuntur,
1483 2847 1554 2920 stin
1574 2851 1686 2923 locum
1709 2874 1786 2925 tute
1802 2855 1918 2927 cultum

454 2950 534 3016 novi
552 2944 680 3020 frubius
698 2950 902 3030 inseruntur,
925 2953 1072 3041 itemque
1090 2947 1209 3017 modus
1224 2946 1361 3017 culture
1376 2968 1525 3018 mutetur
1540 2974 1570 3019 v.
1586 2973 1616 3040 g.
1640 2946 1662 3019 {i
1679 2949 1757 3022 loeo
1777 2947 1916 3024 frumen·

455 3063 568 3116 torum
591 3045 739 3118 serentur
755 3050 847 3119 oleru
867 3047 899 3116 dr
921 3041 1126 3135 legumintfi
1152 3068 1248 3136 ager,
1273 3048 1532 3116 convertaturin
1552 3048 1698 3129 vineunt,
1724 3052 1916 3143 pomerium,

454 3164 511 3211 eut
525 3166 677 3237 prorum,
696 3145 727 3214 dr
744 3149 814 3216 vice
833 3141 941 3223 versa,
960 3142 1010 3212 vel
1027 3144 1125 3211 etiem
1142 3163 1230 3216 terro
1242 3139 1396 3243 precise,
1413 3167 1487 3239 que
1509 3167 1596 3219 tuno
1611 3144 1663 3219 vel
1683 3144 1851 3243 aliquibus
1865 3170 1916 3231 tu!

452 3239 506 3309 nis
522 3234 652 3313 cessavit
667 3245 698 3319 d.
717 3264 779 3339 cap,
798 3245 871 3336 quid
883 3262 940 3337 per
958 3242 1082 3315 novate.

1130 3394 1251 3481 Xlli.

567 3597 704 3669 Novuie
730 3598 919 3694 improprie
936 3595 1104 3693 sumptum
1131 3619 1170 3668 ex
1191 3596 1376 3668 mutatione
1398 3594 1536 3667 culture
1563 3594 1616 3668 vei
1641 3590 1776 3667 seminis
1793 3594 1833 3669 od
1852 3614 1910 3669 ren

439 3689 501 3769 ‚nit
522 3686 617 3772 fucit,
641 3718 764 3765 mutatu
780 3699 868 3766 enim
885 3696 1021 3766 cuirurae
1043 3697 1093 3765 vel
1114 3692 1245 3766 seminis
1267 3694 1406 3788 quuiiros
1433 3718 1498 3763 non
1523 3715 1629 3764 mutor
1649 3690 1909 3765 substantiumdt·

451 3789 636 3870 cimorum,
657 3817 720 3883 cap.
739 3822 773 3869 4.
789 3820 823 3869 x.
839 3800 868 3864 b.
885 3817 911 3864 r.
931 3793 1079 3887 adeoque
1097 3812 1230 3863 manent
1245 3791 1393 3882 ejusdem
1410 3793 1467 3883 qui
1493 3789 1533 3858 ab
1556 3814 1629 3861 anre
1650 3792 1797 3863 decimus
1819 3790 1909 3887 perti·

451 3883 584 3981 piebur,
602 3886 633 3957 dr
652 3888 742 3961 locus
761 3888 860 3961 semel
880 3888 1085 3963 decinrtbilie
1102 3886 1233 3981 semper
1248 3885 1452 3959 decimabiiis
1474 3910 1601 3970 monet,
1621 3911 1675 3982 per
1692 3908 1776 3966 text.
1792 3912 1852 3980 up.
1863 3909 1907 3974 3⁰·
1951 3956 1953 3965 ,

452 3985 485 4055 b.
501 4005 526 4055 r.
545 3986 580 4059 ii
596 3990 627 4058 ri.
645 4011 708 4079 cap,
722 4016 757 4067 4,
782 3986 916 4059 decime
933 4010 1042 4058 nutem
1067 3986 1234 4057 novalium
1260 3986 1399 4080 proprie
1421 3981 1589 4054 diiiorum
1611 4006 1811 4078 competunt
1829 4004 1907 4080 prro·
1948 4052 1953 4071 ,

451 4078 518 4157 cho
534 4081 597 4153 loci
621 4087 707 4155 intro
727 4083 820 4177 cujus
843 4082 924 4156 fines
944 4107 1118 4175 exurgunt.
1140 4108 1203 4174 cap.
1227 4087 1365 4173 quoniam
1393 4107 1444 4167 13.
1464 4104 1496 4151 x.
1519 4084 1549 4150 b.
1566 4102 1591 4154 r.
1632 4084 1666 4151 si
1689 4085 1827 4153 veroin
1849 4080 1907 4151 toro
1950 4084 1953 4167 1

451 4176 575 4249 nullius
596 4182 771 4275 ptrochie.
785 4207 815 4255 ν.
832 4205 863 4272 g.
881 4181 989 4271 uiiqoo
1003 4179 1110 4277 syloe,
1136 4206 1209 4273 quae
1226 4203 1289 4272 pro
1316 4174 1435 4247 finibus
1450 4175 1621 4272 utriusque
1642 4179 1706 4248 loci
1730 4179 1905 4255 hebebatur,
1939 4186 1953 4277 1

452 4294 532 4345 tunc
548 4278 587 4345 ud
611 4275 843 4349 discretionem
861 4278 1050 4372 Episcopiu
1076 4284 1150 4349 Deo
1170 4274 1226 4347 sibi
1248 4276 1356 4345 durum
1375 4279 1544 4371 pertinet,
1570 4278 1622 4346 eui
1646 4273 1798 4347 Ecclesrae
1822 4276 1905 4368 depo·
1949 4280 1953 4367 1

451 4393 544 4451 ture,
567 4398 621 4442 aur
637 4378 735 4444 eriam
753 4374 809 4445 sibi
831 4381 975 4446 retinere
992 4377 1088 4453 velit.
1111 4400 1163 4467 per
1184 4378 1274 4450 Text.
1293 4378 1363 4450 diti.
1384 4397 1446 4462 rap.
1470 4398 1523 4458 13.
1542 4397 1616 4466 que
1638 4394 1749 4443 tumen
1770 4372 1905 4443 discretio
1949 4376 1953 4475 j

412 4468 417 4478 '
448 4494 519 4541 non
533 4470 650 4564 injusse
668 4474 896 4561 regularetur,
917 4471 1041 4565 fijuxn
1059 4470 1230 4543 consilium
1249 4467 1391 4543 Moirm
1407 4477 1438 4539 ir
1454 4477 1507 4547 cit.
1522 4476 1609 4549 trad.
1628 4474 1664 4540 de
1678 4474 1798 4541 decimis
1815 4490 1906 4562 capt·

449 4589 484 4659 rr.
498 4592 557 4654 μ.
575 4564 767 4645 cedentibus
782 4571 856 4646 uliit
870 4572 1006 4647 motivis
1028 4565 1286 4667 particularibus
1301 4567 1466 4644 divideret
1487 4570 1574 4643 inter
1592 4590 1784 4665 utrumque,

1800 4692 1904 4777 XIV,
