4784 5550
345 620 347 623 ·
449 604 501 698 ,ο
637 587 1726 710 ιιιιιιιετιτιοιιιιοιιιιοινιι·

450 773 685 872 interpretatio
705 768 895 847 suffecisset:
920 792 998 844 tunc
1013 773 1102 844 enirn
1121 771 1278 847 duntatrt
1291 771 1530 848 recurrendum
1538 767 1598 850 esi
1612 772 1654 848 ad
1676 770 1689 846 l
1732 771 1928 862 ‘alatotemt

451 900 516 948 eam
531 878 651 947 clabiam
669 883 715 943 ita
734 872 777 961 est
799 875 944 952 arduam,
969 893 1006 940 ut
1021 868 1137 942 firmus
1157 877 1232 965 legis
1244 877 1410 945 intereras
1425 876 1494 946 dari
1506 873 1676 968 eenpeffit,
1712 893 1783 946 tcut
1803 873 1873 966 legi
1895 879 1928 948 ia

453 975 671 1044 Panormitano
686 974 733 1041 lit
745 974 897 1040 notamine
920 996 948 1039 t.
966 971 1037 1058 Ego
1052 989 1143 1042 rerte
1158 993 1221 1065 pro
1238 994 1310 1040 mea
1320 974 1412 1042 tenui
1424 972 1605 1065 capacitate
1619 965 1751 1066 semper
1763 967 1928 1050 suslinuis·

450 1067 537 1149 scm,
563 1068 733 1168 justiniani
758 1089 904 1136 mentem
928 1090 993 1134 non
1012 1061 1124 1146 fuisse,
1152 1066 1352 1148 venerabili,
1376 1063 1639 1163 saoslisllmoquc
1654 1074 1742 1140 clero
1757 1073 1928 1141 etiamim·

451 1191 578 1264 ponere
594 1159 810 1238 necessitatem
829 1161 927 1255 hujus
943 1162 1179 1256 jurisjurandi,
1206 1168 1302 1261 quir,
1329 1165 1409 1236 dum
1425 1189 1561 1262 quoque
1581 1167 1787 1262 nominatim
1800 1166 1843 1238 de
1864 1165 1928 1240 cla·

451 1267 531 1336 ricla
557 1260 721 1358 disponit,
755 1284 791 1332 ιιι
810 1262 1068 1331 convenirentur
1085 1286 1184 1330 catam
1198 1267 1286 1333 eivili
1299 1265 1414 1347 iadiet,
1445 1258 1592 1358 expresse
1615 1262 1762 1342 addidit:
1793 1267 1927 1359 privila-

446 1369 508 1456 χιιι
524 1365 655 1433 amnisas
668 1361 818 1449 custoditis
830 1408 840 1445 ‚
854 1382 915 1448 qua
931 1360 1180 1448 reverendiffimis
1201 1363 1323 1429 clericis
1333 1359 1422 1449 fircra
1436 1361 1576 1456 pressant
1587 1361 1925 1450 corstitutiatretNov.

455 1472 512 1552 23.
532 1462 565 1530 in
581 1451 710 1555 ptaeftt.
759 1453 890 1526 Deinde
905 1477 1021 1526 notum
1037 1453 1082 1526 est
1095 1455 1178 1526 illud
1201 1460 1410 1530 Ntcouat
1423 1477 1457 1530 ιι
1489 1462 1636 1551 imperiali
1652 1461 1765 1550 judicia
1785 1483 1846 1530 arn
1862 1457 1926 1554 pes·

448 1557 524 1648 sant
541 1555 730 1640 etelefiafit'ca
738 1558 813 1646 jara
825 1552 974 1644 diffisus:
999 1551 1221 1646 Imperatorem
1243 1560 1322 1646 seges
1338 1559 1539 1648 evangelicis,
1566 1555 1746 1648 apostolicis,
1768 1576 1865 1647 atque
1876 1579 1925 1631 u·

327 1735 329 1742 ,
451 1657 564 1726 attritis
583 1655 730 1732 decretis,
755 1651 860 1745 quibus
876 1651 1071 1745 postponenda
1086 1650 1174 1734 (tant,
1207 1655 1320 1722 nalum
1340 1651 1456 1745 poffunt
1474 1653 1588 1744 inferte
1613 1655 1825 1746 prejudicium.
1852 1675 1926 1732 eu.

457 1777 487 1824 ι.
509 1747 583 1826 dist.
612 1775 667 1822 ιο.
682 1751 728 1822 Ι).
743 1767 859 1820 vetunt
875 1744 942 1830 esl,
967 1747 1059 1842 quod
1075 1746 1148 1819 sena
1165 1746 1390 1820 hermeneusis
1404 1755 1505 1821 leuem
1519 1755 1595 1822 saec
1612 1754 1651 1823 de
1672 1749 1706 1841 se
1727 1769 1926 1824 coutrover·

452 1845 532 1920 stam
547 1872 586 1920 ex
602 1844 679 1920 solis
692 1845 818 1936 regulia
835 1842 953 1916 scholae
973 1845 1195 1917 determinate
1217 1841 1390 1942 potuisset:
1416 1843 1492 1928 sed,
1521 1871 1562 1918 on
1582 1844 1703 1934 nescia,
1737 1851 1928 1944 disparatae

445 1945 510 2036 *effa
524 1950 683 2039 capitales,
707 1939 874 2034 diffugere
889 1967 950 2040 per
967 1939 1220 2026 solutiuoeulaa,
1247 1939 1600 2026 &distinlliunculas‚
1625 1947 1689 2030 ite,
1709 1965 1748 2017 ιιι
1770 1968 1833 2021 nee
1847 1967 1927 2020 eon·

452 2037 533 2115 tissi
549 2043 581 2114 se
596 2040 717 2114 dedant
731 2043 888 2114 veritati?
933 2037 1093 2113 Teslarur
1106 2043 1301 2122 Honorius,
1324 2047 1472 2137 plerisque
1493 2043 1607 2134 ueniffi
1627 2049 1660 2114 ia
1680 2045 1821 2127 dasian,
1851 2039 1927 2133 sert,

453 2164 491 2212 ut
507 2135 582 2211 fona
603 2137 719 2223 habet,
745 2142 891 2208 arnualis
905 2143 933 2209 le
953 2143 979 2209 is
988 2141 1113 2234 periris,
1139 2143 1174 2215 li
1192 2144 1262 2210 aliis
1276 2163 1366 2231 patant
1380 2145 1516 2228 platimis
1531 2140 1734 2232 fitpieatisarr
1756 2139 1792 2212 dt
1805 2137 1847 2214 sse
1861 2145 1928 2218 exi·

452 2235 557 2311 siebat
571 2235 662 2309 casus
679 2232 836 2309 faciendae
851 2161 1022 2308 derisoris
1051 2237 1198 2331 papalis,
1225 2261 1293 2333 quo
1317 2235 1449 2308 tandem
1472 2231 1607 2309 cessaret
1624 2242 1784 2311 altercatio
1803 2238 1928 2327 [abela

453 2335 638 2428 quamdiu,
664 2358 779 2431 putas,
807 2329 949 2404 durasset
964 2330 1118 2403 sulletttio
1135 2336 1350 2405 damnatarum
1370 2335 1472 2405 modo
1491 2335 1633 2419 tbefiatrt,
1666 2331 1726 2405 nisi
1747 2335 1926 2410 Pontificea

453 2431 556 2504 finem
572 2432 773 2504 authoritate
786 2427 843 2500 sua
864 2423 1034 2502 fecissent?
1056 2428 1088 2499 dt
1104 2453 1187 2523 quot
1203 2453 1313 2501 tamna
1333 2455 1399 2502 non
1414 2428 1574 2503 senslsent
1587 2428 1755 2514 Ecclesie,
1768 2433 1851 2506 duro
1862 2432 1928 2506 ele·

453 2531 561 2612 ticos,
587 2529 620 2600 dt
637 2526 817 2599 monachor
833 2523 914 2599 sarri
933 2549 1076 2600 canones
1090 2524 1320 2600 deterruissent
1332 2554 1350 2599 r
1363 2527 1506 2623 jurando
1514 2533 1556 2600 tin
1568 2528 1724 2622 judieiie;
1737 2525 1817 2622 ipssa
1834 2556 1928 2618 vera,

454 2624 546 2721 quast
569 2623 734 2724 improbis
755 2622 997 2718 litigatoribus,
1023 2622 1151 2694 tristitia
1167 2623 1315 2718 judicum
1336 2649 1413 2698 cum
1431 2623 1558 2698 summa
1577 2627 1850 2704 interminrtione
1872 2653 1928 2704 oa·

452 2719 623 2808 currisset,
648 2749 667 2794 e
682 2721 810 2819 judicio
824 2741 881 2795 eos
899 2747 999 2821 quam
1012 2718 1196 2818 longissime
1209 2697 1424 2823 erpelleddo,
1445 2722 1596 2823 eoquod
1613 2723 1803 2803 recusarent
1822 2725 1928 2849 palu·

451 2822 594 2894 randum
610 2842 753 2921 propter
767 2820 991 2896 calumniam?

621 3044 679 3109 ²9·
704 3024 745 3094 C.
772 3017 901 3114 Legibus
915 3020 1019 3111 itaque
1030 3027 1137 3187 ussptie
1155 3015 1194 3090 ad
1209 3016 1377 3112 ptestrmat.
1423 3017 1506 3104 Dic,
1531 3014 1660 3115 queso,
1682 3014 1786 3102 misti,
1803 3018 1845 3091 'in
1860 3042 1928 3119 qua

453 3112 529 3207 lege
542 3120 709 3213 comperit
730 3123 879 3189 Honorias
893 3137 1061 3188 erutume
1087 3141 1124 3198 e,
1156 3122 1306 3189 arnallus
1325 3114 1758 3212 eletitasjarate-ptesataati
1798 3124 1856 3189 Au
1876 3140 1928 3191 er·

453 3234 498 3305 go
518 3212 607 3305 leges
623 3219 754 3286 hamane
766 3208 945 3307 potuissent
959 3237 1070 3286 vetare
1084 3219 1187 3285 clerieo
1199 3213 1446 3309 juramentum,
1472 3213 1686 3307 &jurantem
1707 3216 1838 3308 puniret
1881 3218 1928 3289 D.

347 3338 349 3343 ’
453 3316 601 3383 Acutum
623 3333 656 3382 te
670 3306 733 3383 esse
748 3309 903 3391 adverto,
929 3307 1089 3381 &acrem
1109 3315 1225 3399 iratist
1236 3333 1359 3395 textas,
1383 3314 1508 3407 premis
1531 3313 1678 3393 litertm,
1716 3333 1756 3379 an
1776 3308 1928 3387 sttaccu·

453 3429 525 3478 rote
544 3405 683 3483 deleela.
733 3412 875 3491 Fateor,
901 3405 1027 3477 trullam
1048 3406 1106 3479 tibi
1124 3404 1252 3501 possum
1267 3407 1432 3480 adducere
1452 3408 1579 3502 legem,
1604 3433 1678 3505 quc
1692 3406 1745 3479 bis
1765 3410 1928 3493 intermi-

452 3506 504 3575 nia
522 3509 687 3579 enunciet.
737 3505 839 3602 Quod
853 3504 943 3579 enim
963 3504 1083 3597 Gloffa,
1110 3504 1234 3577 &DD.
1250 3507 1474 3578 communiter
1489 3505 1631 3599 allegent
1654 3502 1928 3581 constitutionem

453 3604 619 3676 Marciani
635 3610 667 3676 itt
688 3609 712 3678 ι.
731 3631 788 3692 ²5·
804 3609 837 3697 §.
859 3630 888 3674 ι.
902 3626 990 3675 vett.
1007 3601 1122 3698 quodsi
1145 3602 1186 3673 sia
1202 3610 1239 3675 c.
1255 3605 1293 3675 de
1307 3603 1403 3697 Epist.
1418 3604 1453 3681 ii
1470 3607 1597 3688 cleric,
1624 3602 1689 3677 hoc
1710 3620 1778 3675 non
1800 3600 1928 3700 probat

453 3694 547 3770 islam
564 3700 846 3798 propofitionem,
870 3698 1063 3794 ficutjater:
1096 3700 1142 3773 ibi
1165 3724 1311 3796 namque
1331 3698 1487 3773 duntaxat
1513 3700 1595 3773 ltrec
1612 3697 1756 3793 legitor:
1791 3706 1928 3775 cleriter

453 3799 509 3877 lise
521 3804 659 3892 pullatas
671 3800 865 3892 fidejaffrtem
880 3799 988 3868 babeat
1002 3823 1093 3891 usqae
1107 3802 1151 3871 aas
1166 3824 1220 3878 te.
1235 3800 1327 3869 ltbtar
1345 3804 1414 3870 atati
1429 3822 1605 3870 oecanataata
1621 3798 1766 3879 Etrlese:
1791 3800 1819 3887 ts
1831 3824 1928 3893 qm·

453 3900 530 3967 titas
544 3902 610 3968 litia
621 3902 717 3989 major
727 3898 845 3989 sunit,
872 3902 929 3987 ipse
943 3902 1016 3969 ratis
1032 3900 1165 3968 clerim
1178 3920 1232 3990 pto
1254 3898 1371 3982 tefidaa
1386 3902 1560 3989 quantitate
1575 3900 1624 3970 det
1640 3900 1807 3969 taatiaaetn
1826 3898 1928 3988 ſsent,

454 4014 531 4069 ettt
556 4012 751 4067 tibuunt
772 4010 940 4066 reuoca
968 4010 1208 4067 intrarunt
1233 4008 1350 4065 tart
1370 3998 1720 4090 Juttauturuta3
1749 3999 1928 4087 qaieeule·

446 4089 577 4187 stapsiris
594 4096 727 4186 regalis,
754 4093 934 4173 Utantur,
956 4092 1160 4185 abeatiffimts
1179 4090 1325 4185 Episcopis
1340 4095 1510 4184 aartpaitas
1527 4092 1665 4180 instituta
1674 4138 1684 4175 ,
1708 4094 1806 4163 cleriei
1817 4096 1928 4185 jaun

451 4194 656 4287 probibentur.
707 4188 811 4262 Ecce!
834 4212 901 4260 non
924 4185 1084 4284 prohibet
1098 4186 1150 4259 lea
1167 4184 1226 4259 isla
1241 4188 1388 4270 clericis,
1411 4192 1562 4281 ariarate
1570 4188 1767 4284 presumantt
1792 4184 1850 4261 sed
1860 4214 1928 4265 nou

454 4287 527 4361 vult
543 4295 624 4384 exigi
636 4290 674 4361 ab
690 4292 735 4361 eis
749 4290 917 4359 cautionem
924 4289 1083 4378 iuratur
1108 4288 1187 4383 quia
1200 4308 1254 4381 pet
1271 4309 1475 4359 taenaron
1489 4289 1567 4359 licet
1582 4286 1792 4383 issiajurare3
1810 4312 1928 4383 quem·

454 4386 505 4455 ris
520 4384 636 4460 liceret
652 4389 700 4459 eia
720 4410 773 4479 pet
788 4389 887 4479 legem
909 4380 1062 4480 eoquod,
1084 4380 1264 4455 secundum
1288 4384 1367 4468 ltra,
1395 4380 1510 4479 jurare
1530 4380 1569 4456 sit
1590 4384 1632 4456 de
1644 4406 1756 4479 gerere
1777 4386 1928 4480 pertatffa·

454 4504 536 4553 rata.
584 4485 627 4553 Et
640 4484 718 4557 ideo
734 4485 886 4555 Honorias
900 4504 967 4551 noa
982 4479 1064 4551 dixit
1078 4479 1245 4553 absolute:
1262 4482 1375 4577 legiler
1390 4502 1512 4554 cartam
1524 4482 1584 4571 eps,
1607 4480 1688 4554 stcut
1709 4479 1928 4563 dixe'ratflaa·

454 4583 554 4661 titatt
577 4576 632 4657 sed
649 4602 711 4678 per
725 4582 828 4659 alitam
843 4576 976 4657 dicendi
990 4578 1152 4655 modum:
1175 4580 1289 4675 legistas
1301 4581 1529 4679 comperiretur
1542 4579 1598 4676 ela
1611 4599 1751 4659 amarat
1775 4577 1928 4681 quast'di·

466 4730 468 4735 ·
1812 4698 1929 4758 “seii

1234 4934 1324 5013 st
