4784 5550
461 661 508 742 γι
873 631 1488 716 uissearitrto

456 821 677 918 prebendarum
691 820 835 914 exsolvat
848 821 964 890 armine
978 818 1133 915 petitionis.
1182 813 1311 889 Ibidem
1327 840 1360 912 p.
1383 843 1463 894 too.
1480 843 1512 890 n.
1536 841 1614 907 114.
1630 821 1778 893 occurrit
1792 819 1892 918 diple

459 921 501 992 de
517 945 567 992 en.
592 946 709 1010 ¹²95=³
736 943 804 1014 quo
826 915 865 988 ab
884 915 1048 1013 Episcopo
1071 913 1308 1011 Herbipolcnsi
1328 915 1547 989 confirmatur
1567 917 1701 989 donatio
1722 921 1818 1014 Jutis
1833 943 1891 1012 pet

459 1041 555 1090 natus
574 1018 721 1087 Ecclesiae
736 1017 936 1112 parochialis
956 1019 989 1084 in
1013 1010 1217 1108 Regclspach
1240 1009 1327 1083 sabla
1351 1013 1392 1082 eb
1415 1013 1610 1086 Eberhatdo
1634 1015 1767 1088 Ebnero
1783 1017 1892 1094 e'trel*

461 1113 676 1207 rimbergenst
693 1113 845 1184 coeiiobio
860 1113 1054 1182 monialium
1074 1117 1101 1181 S.
1123 1113 1228 1180 Clarae
1245 1110 1506 1201 Norimbcrge,
1531 1109 1743 1184 ubidicitur:
1788 1117 1892 1212 „Utp

461 1238 544 1298 „iios
560 1216 593 1282 iti
609 1211 758 1283 coenobio
774 1211 881 1282 vellro
898 1212 1008 1280 divina
1022 1205 1129 1278 ossicia
1148 1210 1284 1278 liberius
1302 1207 1334 1278 dt
1357 1212 1503 1302 quietius
1519 1209 1647 1280 valcant
1660 1213 1824 1292 exerceri,
1851 1235 1892 1306 pt

460 1310 623 1393 „chialem
641 1307 816 1380 Ecclesam
836 1313 867 1378 in
886 1304 1088 1404 liegelspsch
1107 1303 1223 1375 noslrre
1244 1303 1399 1376 Dioecetis
1412 1329 1487 1377 com
1503 1306 1659 1377 omnibus
1674 1307 1823 1401 juribus,
1850 1307 1892 1380 lib

459 1407 603 1491 „ratibus
631 1406 893 1502 &pertinentiis
918 1403 1036 1474 suisio
1062 1400 1311 1498 praesentiarum
1332 1426 1519 1485 vacantem,
1544 1404 1638 1498 cujus
1662 1409 1725 1502 jus
1747 1409 1892 1478 Patrona

459 1505 521 1587 „ad
541 1501 718 1576 discretum
734 1506 855 1574 Virum
875 1501 983 1572 Ebnet
999 1504 1103 1571 civem
1121 1499 1443 1592 Norimbergcnsem
1458 1501 1499 1571 ab
1521 1507 1659 1598 antiquo
1673 1499 1861 1595 speslabar,
1883 1529 1892 1574 t

459 1601 534 1685 „bis
550 1603 591 1674 de
607 1597 755 1672 concessu
778 1600 808 1670 dr
826 1599 993 1670 voluntate
1007 1594 1150 1692 expresse
1169 1597 1317 1693 ejusdem
1339 1601 1439 1679 ciris,
1466 1623 1606 1672 necnon
1625 1599 1666 1670 de
1684 1603 1892 1674 conniventia

459 1697 639 1782 „consensit
661 1695 763 1770 nollri
791 1697 937 1794 Capituli
963 1697 1063 1792 pleno
1093 1695 1168 1790 jure
1193 1699 1410 1792 proprietatis
1437 1695 1470 1768 ἃ
1498 1693 1698 1793 possessionis
1720 1697 1886 1770 donemus

459 1796 726 1879 „Concedimus,
752 1799 785 1866 iti
800 1821 859 1868 vos
874 1793 1013 1866 eandem
1038 1791 1213 1864 Ecclesiam
1235 1817 1273 1863 ee
1292 1798 1326 1863 in
1343 1793 1530 1864 caenobium
1553 1793 1697 1866 vcslrum
1711 1819 1787 1866 eum
1810 1795 1892 1892 juris

460 1893 518 1977 „dt
535 1896 745 1990 pertinentiis
765 1892 829 1964 suis
847 1916 922 1964 cum
938 1891 1039 1987 pleno
1054 1913 1167 1962 rerum
1185 1893 1345 1962 Dominio
1362 1885 1616 1974 transferentes,
1640 1915 1677 1962 ut
1693 1917 1782 1963 nunc
1803 1894 1893 1966 redit

460 1986 632 2074 „seusium
659 1989 849 2062 decimas&
869 1989 1102 2072 obventiones,
1129 2013 1204 2084 quae
1225 1988 1401 2059 decadem
1424 1987 1564 2060 Ecclesa
1587 1995 1817 2083 pervenerint,
1845 2017 1890 2088 po

460 2095 527 2170 „tis
544 2085 658 2160 vestre
675 2083 792 2160 mensae
817 2087 925 2160 usibus
942 2112 983 2183 ap
1012 2087 1131 2167 licate,
1158 2086 1247 2180 quod
1272 2110 1409 2182 quoque
1429 2083 1596 2157 Abbatill'a
1615 2085 1792 2182 perdidi,
1815 2091 1851 2162 ἃ
1870 2115 1891 2186 q

460 2211 548 2284 „pro
566 2209 718 2282 tempore
735 2183 856 2267 suerit,
882 2186 922 2255 ad
938 2111 1043 2282 ipssm
1059 2183 1234 2255 Ecclesiam
1255 2207 1294 2254 et
1316 2209 1402 2254 nunc
1421 2183 1454 2254 dt
1473 2189 1506 2254 io
1533 2209 1627 2257 antea
1644 2183 1839 2258 necessitatis
1861 2211 1892 2262 te

458 2309 567 2380 „pore
580 2286 739 2357 vicarium
757 2285 909 2354 videlicet
931 2281 1117 2352 secularem
1138 2281 1297 2353 clericum
1312 2283 1508 2376 prasentare
1522 2304 1692 2367 teneatur,
1717 2283 1880 2358 &eidem

458 2379 628 2478 „praefatis
646 2379 809 2453 ftuslibus
826 2380 925 2451 talem
940 2379 1152 2488 prebendam
1171 2375 1347 2470 assgnarc,
1371 2379 1411 2450 de
1432 2405 1496 2473 qua
1511 2380 1599 2450 idem
1620 2379 1882 2474 hospitalitatem

460 2504 580 2561 „nere,
608 2476 774 2558 &nobis,
800 2473 918 2548 nosstis
937 2473 1222 2548 successoribus&
1248 2478 1328 2546 Loci
1351 2477 1597 2548 Archidiacono
1620 2477 1662 2550 de
1688 2479 1892 2552 rationabilis

458 2577 516 2657 „dt
531 2572 693 2648 consuetis
706 2572 836 2670 juribus
852 2574 1001 2671 plenarie
1016 2574 1121 2644 valeat
1135 2569 1348 2668 respondere.
1360 2623 1381 2654 „
1418 2574 1616 2648 Gethatdus
1632 2579 1679 2648 11.
1706 2575 1892 2674 Archi'epis

458 2695 523 2769 pus
543 2679 655 2764 Meg„
682 2672 761 2744 dum
778 2696 830 2742 an.
849 2695 950 2759 1295.
978 2667 1126 2742 Ecclefiae
1146 2671 1272 2762 colleg.
1294 2674 1329 2740 B.
1347 2677 1388 2741 V·
1407 2671 1447 2743 ad
1464 2674 1586 2765 gradus
1608 2675 1892 2775 Mog.cootulit1

457 2771 608 2843 rochiam
625 2774 656 2841 in
672 2764 1019 2864 Dreclitlingenhul'en
1044 2770 1076 2838 in
1099 2771 1308 2865 Jonmmrs
1336 2769 1360 2841 l.
1380 2794 1409 2843 c.
1435 2795 1469 2867 p.
1486 2777 1568 2845 661.
1597 2771 1657 2844 site
1708 2778 1892 2867 ltaqsode

423 2872 429 2885 ’
456 2870 581 2957 officiari
589 2871 718 2962 facietis
732 2874 933 2964 peridoneum
951 2872 1172 2962 &perpetrarit
1187 2869 1395 2949 Sacerdotem,
1420 2874 1466 2940 cui
1480 2874 1518 2940 de
1538 2870 1625 2962 ipfittt
1640 2872 1768 2953 Etaiefie
1782 2895 1892 2967 preater

456 2968 510 3039 stit
522 2970 669 3062 affigeretis
682 2990 841 3063 congruam
854 2971 1018 3061 partionem
1034 2966 1181 3050 redditam
1197 2967 1239 3034 acl
1251 2963 1319 3049 aliis
1332 2967 1449 3055 vtsttis
1463 2970 1545 3038 sitite
1559 2970 1594 3043 sd
1610 2970 1702 3037 libere
1723 2990 1892 3043 resumes

456 3066 632 3138 Corradus
647 3064 812 3162 Eychllet.
830 3068 856 3135 E
884 3062 1014 3160 iscopus
1031 3088 1082 3135 en.
1101 3076 1204 3156 1298.
1230 3059 1348 3135 mense
1369 3061 1557 3161 Episcopnli
1581 3068 1810 3161 incorporavit
1827 3070 1892 3141 Ecc

456 3160 536 3233 sam
551 3166 584 3233 in
600 3161 796 3252 Allersberg
814 3090 893 3233 rese
915 3159 1098 3255 diplomate
1113 3161 1201 3257 apud
1222 3164 1605 3234 Faucrtutesrstu.
1630 3162 1653 3235 l.
1668 3187 1697 3237 c.
1723 3188 1758 3259 p.
1780 3170 1860 3259 top.
1888 3192 1892 3207 ²

450 3260 583 3353 servata
605 3281 706 3330 temen
727 3284 779 3354 pta
792 3260 879 3351 ipsus
897 3263 1035 3350 parocbia
1049 3281 1186 3350 perpetiit
1215 3265 1335 3332 Vitatis
1352 3258 1408 3351 sete
1425 3265 1554 3331 vicariis
1576 3262 1732 3346 (efficienti
1752 3288 1787 3333 at
1807 3288 1892 3361 cergi

453 3362 606 3453 portione,
632 3363 710 3428 unde
732 3356 958 3451 Episcopalis&
978 3354 1150 3448 apostolica
1170 3357 1248 3443 sedit
1270 3362 1355 3453 fferre
1382 3358 1539 3448 exsolvere
1559 3364 1707 3440 ciliani,
1733 3384 1768 3431 ac
1789 3385 1892 3433 temni

454 3455 625 3544 [ostentati.
676 3459 718 3525 Et
735 3457 904 3524 Heoricus
921 3456 981 3524 lll.
1007 3450 1290 3548 Archiepiscopus
1308 3457 1454 3545 Moguttt
1482 3458 1515 3525 in
1544 3456 1727 3551 diplomate
1744 3460 1892 3557 incorpot

453 3555 556 3624 tionis
573 3550 722 3625 Ecclesia
738 3551 937 3646 parochialis
954 3551 987 3620 in
1005 3550 1083 3621 ville
1100 3550 1264 3621 Detheim
1286 3575 1325 3620 aa
1359 3578 1372 3621 t
1382 3575 1463 3644 34¹·
1479 3549 1575 3624 fasse
1595 3550 1743 3626 Ecclesia
1759 3554 1877 3649 colleg.

452 3652 591 3747 Joennis
607 3654 703 3743 Mog.
721 3654 754 3722 iii
767 3655 868 3747 Jott.
894 3649 915 3719 l.
931 3672 959 3719 c.
986 3670 1020 3742 p.
1038 3672 1119 3739 702.
1144 3651 1208 3720 rit:
1249 3648 1399 3730 „Debita
1414 3671 1524 3722 tamen
1540 3650 1571 3723 dt
1587 3654 1790 3748 competenti
1805 3656 1892 3749 porti

454 3770 520 3831 „ne
537 3744 700 3818 reseruata
717 3744 854 3818 Vicario
869 3743 924 3818 seu
940 3744 1082 3842 plebano
1097 3770 1130 3842 p.
1148 3771 1228 3820 t....
1247 3741 1449 3841 assignanda,
1472 3749 1513 3820 de
1530 3774 1594 3843 qua
1609 3752 1642 3818 iii
1662 3748 1731 3846 ipsa
1749 3752 1887 3847 parochi

453 3842 617 3928 „Ecclesa
633 3841 802 3914 suslemari
819 3866 1058 3936 congruenter,
1084 3868 1144 3914 nee
1159 3844 1313 3938 nonjura
1360 3846 1483 3939 apelia,
1510 3846 1737 3942 Episcopalia,
1764 3845 1890 3943 synode

453 3965 536 4026 „nee
548 3966 614 4012 oon
632 3944 884 4037 procurationes
900 3941 1065 4035 quaslibet
1082 3940 1123 4011 de
1138 3940 1207 4035 ipsa
1223 3870 1363 4013 Ecclelse
1377 3942 1504 4015 debitas
1524 3942 1734 4040 persolvere,
1761 3943 1856 4045 hospi

453 4062 577 4123 „tatem
601 4063 733 4125 tenete,
758 4038 969 4137 &quaelibet
992 4039 1179 4112 alisonera
1203 4036 1261 4112 sibi
1280 4038 1503 4115 incumbentis
1528 4043 1634 4116 ualeat
1654 4046 1834 4119 commode
1860 3970 1892 4119 sii

452 4159 625 4237 „portae
639 4187 661 4222 „

452 4329 1892 4531 ,instilisiisslislltlisisil'*lil'szlllzlsssszs‘si.lis

451 4524 494 4595 ed
510 4524 653 4597 decimas
673 4553 732 4602 nec
749 4531 934 4603 ordinatiss
953 4553 1012 4600 nec
1028 4531 1180 4613 novales,
1207 4529 1261 4603 sed
1279 4531 1319 4602 ad
1336 4551 1517 4623 congruum
1535 4529 1648 4604 saltem
1666 4530 1892 4606 sustentatione

448 4626 513 4725 Jut
533 4624 760 4723 competisse.
783 4652 843 4705 nee
864 4624 1049 4705 hodiedum
1068 4652 1280 4727 competere,
1301 4630 1371 4705 imo
1393 4629 1521 4707 reditus
1544 4626 1752 4729 superfluat,
1783 4630 1892 4807 qupd=

731 4784 733 4789 .
1855 4752 1892 4805 ot
