4784 5550
495 623 566 706 DE
586 615 952 726 uueru.NoulL1
972 618 1195 700 FAVORlS
1214 617 1411 698 ECCLES.
1425 619 1732 700 eunocum„
1749 622 1819 707 dte.
1838 633 1886 728 36
1889 655 1911 731 5

432 801 528 882 itere
547 797 642 880 aulit.¹
681 789 812 902 Quoad
832 805 1083 902 perceptionem
1103 796 1295 888 frulluum,
1314 799 1567 876 dtcunstdetata
1581 805 1794 882 Dominiittcl
1809 813 1904 908 Juric

435 903 537 980 unffi
557 911 705 986 ratione,
733 903 863 976 modica
890 906 978 975 inter
1001 900 1169 975 Vasallum
1188 901 1221 974 dt
1240 899 1480 975 condullorem
1505 900 1695 978 dill'cteutia
1716 907 1906 1004 deprehen.

433 1003 529 1088 ditur,
550 1001 608 1075 nist
632 1009 762 1075 ratione
783 1004 967 1098 temporis,
993 1001 1084 1095 quod
1108 1002 1162 1071 hie
1181 1001 1223 1073 ud
1242 1024 1375 1096 tempua
1390 1001 1424 1070 in
1442 997 1613 1072 contrallu
1635 999 1828 1091 definitum,
1847 1011 1905 1086 ille

434 1127 504 1178 retu
521 1105 561 1174 td
580 1126 713 1196 tempus
731 1103 805 1172 ritae
822 1099 885 1171 l'uae
903 1101 1084 1195 percipiet,
1106 1099 1187 1170 dtin
1209 1099 1291 1171 aliua
1308 1103 1340 1169 iu
1358 1095 1553 1170 lnrellitura
1569 1123 1692 1194 prater
1706 1101 1911 1204 ipsumquoa

430 1227 488 1300 pue
505 1195 670 1298 exptelloa
693 1202 904 1272 transmittat.
956 1204 1040 1294 Qaae
1068 1199 1209 1291 qualitas
1233 1200 1396 1292 tcmputia
1418 1219 1575 1290 tanquam
1600 1199 1698 1291 plane
1724 1203 1904 1281 extrinseca

430 1297 525 1398 ipsam
544 1323 616 1372 rem
633 1321 693 1371 nec
711 1291 841 1368 afficere
860 1321 921 1370 nec
941 1296 1081 1369 alterare
1093 1295 1199 1391 porell
1215 1294 1296 1368 srcut
1313 1296 1389 1368 dtin
1408 1293 1572 1368 locatione
1590 1295 1905 1378 couduilionetem·

430 1403 513 1498 potia
535 1422 591 1470 eut
617 1399 779 1488 longioris
804 1419 860 1466 aur
885 1397 1048 1467 brevioris
1070 1392 1239 1466 diterlitat
1263 1395 1450 1466 dominium
1469 1393 1626 1464 locutoria
1649 1421 1715 1466 non
1733 1401 1905 1489 immutat,

430 1521 527 1594 reque
543 1496 591 1566 illi
615 1493 801 1590 plusculum
819 1493 968 1586 derogat.
1018 1496 1093 1588 Juri
1116 1495 1324 1590 percipiendi
1346 1490 1476 1565 frullua
1498 1495 1587 1564 inter
1607 1491 1774 1566 Valallum
1792 1501 1824 1568 in
1845 1501 1904 1572 bo·-

430 1599 470 1668 uit
486 1589 675 1668 feudalibus
694 1593 725 1663 dt
743 1594 831 1663 inter
852 1591 1091 1664 conduelorcm
1108 1595 1141 1662 in
1164 1618 1201 1662 re
1224 1591 1281 1662 stbi
1298 1593 1402 1665 locata
1427 1591 1596 1663 cummuni
1617 1597 1678 1687 Jut
1702 1589 1835 1671 feudale
1858 1598 1907 1673 so.

430 1691 485 1768 bru
503 1693 763 1766 vindicationem
780 1690 896 1764 utilem
919 1688 1130 1804 superaddit,
1155 1715 1228 1786 quae
1246 1691 1402 1764 videlicet
1417 1685 1530 1802 iplilex
1543 1687 1678 1804 speciali
1699 1693 1905 1775 concelliane

430 1787 841 1964 bill'lllllltl
855 1785 1626 1984 :ltaltlffllllllllelllllllllll
1643 1788 1911 1966 lllll'lll

430 1989 478 2062 tio
491 1984 621 2061 dirello
637 1988 716 2058 alias
736 1989 885 2082 propriis
902 1990 963 2081 Jus
983 1989 1047 2057 ltoc
1063 1985 1230 2056 dirc'clum
1247 1985 1396 2058 Ecclefie
1412 1993 1446 2058 in
1464 1985 1617 2056 Decimae
1632 1992 1821 2082 perlaturos
1832 1994 1910 2082 pos·

430 2081 514 2160 lelna
540 2085 790 2181 dijudicandum
816 2087 972 2166 videtur,
997 2084 1073 2156 licet
1098 2082 1238 2156 Ecclcfia
1265 2086 1315 2156 vel
1337 2110 1403 2156 non
1423 2085 1616 2158 immediate
1643 2086 1695 2160 uel
1717 2088 1906 2166 nullutcuuu

430 2179 481 2260 bb
497 2209 584 2264 oexu
603 2178 729 2260 feudali
749 2205 907 2280 tanquam
926 2185 1071 2256 Domina
1088 2206 1203 2255 earum
1220 2182 1348 2258 directa
1369 2176 1638 2280 recognoscatur.

1055 2396 1091 2481 §.
1139 2391 1301 2468 XXlll.

433 2597 438 2608 ,
455 2545 470 2564 “·
521 2533 583 2601 Nc
598 2553 708 2600 tamen
725 2533 785 2624 Jua
801 2527 864 2600 ltoc
881 2525 1047 2601 direllum
1064 2551 1166 2625 perrea
1178 2522 1334 2599 Ecclestua
1349 2523 1517 2600 reliduum
1532 2526 1629 2601 inane
1644 2527 1780 2624 prorlua
1796 2529 1905 2608 drFu·

434 2625 482 2710 tile
497 2623 644 2700 l'olorum
663 2625 954 2697 Decretalillatum
972 2651 1218 2706 commentum,
1234 2649 1358 2696 nomen
1374 2623 1439 2696 fine
1456 2649 1511 2706 re,
1536 2631 1598 2723 Jua
1612 2625 1678 2699 stne
1693 2629 1764 2700 ullo
1780 2627 1906 2706 effellu

434 2725 608 2815 erillimare
628 2723 745 2817 polits3
773 2726 915 2817 Lgibua
940 2727 1021 2797 illud
1045 2727 1259 2823 pragmaticis
1279 2722 1487 2795 diversorum
1511 2727 1703 2819 Regnorum
1731 2723 1907 2805 fundatum

434 2826 691 2923 &adoptatum
710 2852 743 2893 ac
763 2828 889 2917 ingenti
907 2822 1030 2896 effeclu
1050 2827 1142 2920 Juria
1160 2824 1327 2894 munitum
1343 2819 1516 2895 ollenderc
1537 2826 1660 2895 nullius
1682 2824 1727 2896 ell
1748 2826 1882 2902 laboris.

537 2966 631 3033 Nam
657 2957 737 3031 telle
763 2962 972 3031 usranro
1001 2958 1058 3049 a),
1085 2980 1124 3027 ex
1141 2956 1204 3027 hac
1233 2956 1432 3050 primigenia
1457 2954 1649 3031 conditione
1677 2961 1906 3045 Decimarum,

430 3066 524 3159 quem
551 3060 652 3131 etiam
679 3055 850 3129 exilientes
870 3059 903 3126 in
935 3056 1088 3126 munibus
1116 3057 1294 3125 Laicotum
1323 3058 1468 3125 retinete
1496 3054 1703 3150 aliquatenus
1740 3057 1908 3145 ridentur,

467 3155 572 3231 rmilir
592 3160 625 3235 S.
646 3160 738 3226 Luu
751 3178 774 3226 o
787 3173 924 3226 vrcus
949 3159 1016 3227 Rex
1037 3153 1156 3227 Gallia.-
1176 3152 1350 3233 omnibus,
1375 3156 1431 3248 qui
1455 3156 1487 3224 in
1507 3150 1571 3223 suia
1595 3156 1694 3224 tertia
1710 3178 1766 3226 eut
1790 3156 1906 3230 alibie

430 3178 632 3353 ie‘tanquam
647 3259 731 3351 Jure
747 3249 837 3324 feudi
863 3254 1047 3325 relevantes
1070 3247 1230 3346 pnllrdent
1247 3253 1419 3330 Decimae,
1440 3274 1495 3322 ear
1512 3249 1660 3323 Ecclclrae
1680 3252 1853 3327 restituere
1869 3258 1903 3327 in

430 3376 627 3453 perpetuum
646 3351 711 3423 stne
729 3352 796 3422 ulla
818 3350 880 3422 alia
906 3352 1005 3443 Regia
1026 3351 1160 3422 licentia
1185 3344 1325 3443 pollint;
1350 3374 1459 3443 neque
1482 3348 1605 3423 debete
1626 3347 1706 3421 lolti
1732 3352 1798 3421 ulla
1823 3359 1908 3450 Jure

430 3456 664 3531 mrriztttont's
682 3474 774 3522 notat
792 3454 1030 3521 Lovurtus
1050 3450 1097 3538 b).
1147 3451 1386 3519 Cunuurus
1407 3451 1511 3517 Hau
1527 3466 1582 3517 ar
1599 3473 1735 3543 quoquc
1756 3450 1791 3545 c)
1808 3474 1908 3541 gene·

430 3554 521 3625 mim
543 3547 669 3621 llatuit:
695 3549 908 3638 Reverstonem
932 3553 1123 3617 Deritnurrtm
1137 3546 1192 3637 effe
1204 3547 1434 3637 favorabilem,
1452 3550 1523 3635 quic
1547 3550 1664 3616 reducit
1680 3552 1720 3617 ad
1734 3554 1913 3640 primevum

430 3674 527 3725 terete
544 3670 705 3726 naturam,
724 3648 759 3723 id
777 3647 970 3736 Earlefirstici
981 3653 1080 3739 potius
1090 3654 1146 3735 sua
1160 3647 1281 3738 propria
1295 3664 1487 3738 recuperant,
1504 3648 1728 3736 quamdtnovu
1740 3652 1913 3739 acquirunt.

444 3790 449 3797 ’
554 3795 709 3869 Alterum
727 3790 886 3865 effellum
913 3792 1036 3863 ibidem
1062 3792 1150 3861 idem
1177 3792 1407 3863 Erremus
1432 3790 1582 3887 adjungit
1603 3818 1695 3865 num.
1724 3792 1789 3891 seq.
1817 3800 1913 3871 Deci.

433 3920 502 3969 mes
517 3894 685 3988 ejusmodi
701 3892 873 3972 videlicet,
900 3888 921 3961 st
941 3888 1087 3961 Eccleltae
1105 3888 1244 3959 venditae
1267 3885 1348 3970 lint,
1375 3896 1518 3961 reorent
1530 3894 1684 3984 gentilitio
1701 3918 1766 3962 nun
1786 3892 1913 3987 litbjici.

431 3997 480 4067 lte
498 3996 661 4065 nimirum
682 4016 748 4061 non
767 3989 865 4061 semel
890 3989 1073 4082 judicatum
1095 3981 1208 4067 fuillc,
1241 3982 1357 4057 tellem
1379 3987 1499 4081 allegat
1515 3991 1749 4061 Reunrunt
1770 3996 1913 4065 Crtor·

430 4112 578 4167 ΗΝυΜ
611 4096 650 4161 L.
681 4095 749 4162 ΠΙ.
776 4094 814 4159 tie
838 4093 986 4159 Damania
1019 4092 1133 4157 Gallico
1169 4087 1233 4158 Tit.
1264 4108 1322 4169 23·
1349 4111 1380 4162 n.
1410 4103 1441 4163 s.
1472 4095 1666 4159 Decimatum
1689 4094 1767 4159 enirn
1796 4095 1913 4175 socrum

430 4196 509 4295 Jru,
549 4192 595 4261 ait
618 4182 695 4274 istc,
728 4213 788 4283 qua
812 4190 959 4260 ttdttrittr
981 4191 1022 4259 ad
1046 4182 1224 4272 maleficta,
1254 4183 1435 4279 postliminio
1451 4186 1607 4283 pristinem
1630 4192 1734 4283 recipit
1755 4190 1843 4279 [atre
1870 4198 1913 4262 rti
2036 4240 2043 4249 -

430 4294 638 4367 eruditionem.
1892 4308 1896 4315 ·

1193 4379 1251 4447 Zz
1279 4402 1296 4473 3
1828 4386 1915 4501 Τις.

468 4554 516 4633 ι)
529 4550 596 4627 Jur.
615 4549 701 4616 Ecci.
715 4549 778 4617 Un.
792 4549 825 4614 P.
842 4546 881 4612 ll.
899 4544 964 4612 Tit.
982 4562 1032 4627 33.
1055 4544 1130 4627 Cup.
1147 4544 1206 4616 IV.
1224 4566 1256 4613 u.
1269 4566 1322 4631 44.

468 4674 510 4758 b)
531 4672 565 4737 lu
579 4670 640 4735 luia
657 4671 787 4735 Arrestis
802 4670 865 4735 Lit.
881 4669 919 4733 D.
937 4687 1023 4729 uum.
1035 4664 1087 4730 60.

466 4787 502 4871 c)
526 4777 662 4850 eouest.
677 4776 877 4846 Arrestotum
889 4774 985 4842 Turn.
1003 4769 1029 4841 1.
1044 4768 1114 4837 Lib.
1134 4766 1161 4840 l.
1183 4763 1301 4849 Qnaeu
1320 4782 1353 4851 7.
