4784 5550
810 605 812 610 ’
900 619 1475 702 utssnurnrto
1946 699 1948 708 .

1090 815 1121 898 t.
1171 803 1293 880 niv.
1704 845 1707 852 -
1931 711 1948 924 l

1934 930 1942 956 l

566 953 762 1032 Mirandum
780 953 892 1048 itaque
911 946 975 1032 ell,
1001 949 1091 1046 quod
1112 947 1330 1024 Protellantes
1353 946 1429 1022 sure
1441 949 1647 1046 Religionis.
1682 951 1824 1050 eiusque
1846 951 1911 1059 dap

443 1073 579 1130 matum
597 1051 736 1128 effelius
751 1075 785 1125 et
798 1047 1072 1144 consequutiouea
1089 1047 1269 1120 Catholicis
1287 1049 1423 1142 quidem
1439 1047 1604 1133 obiicere,
1631 1045 1684 1120 sed
1702 1051 1758 1118 ltis
1774 1050 1860 1121 idem
1873 1055 1911 1124 itu

452 1153 616 1246 denegate
631 1151 782 1222 audeant.
833 1151 911 1241 Quo
930 1143 1027 1242 patio
1051 1169 1164 1214 mutua
1189 1146 1244 1216 illa
1263 1143 1442 1240 exallaque
1466 1151 1638 1240 utriusque
1664 1145 1850 1238 Religionis
1869 1171 1910 1220 te·

451 1251 592 1348 qualitas
609 1245 716 1321 sanile
731 1245 889 1318 seruanda
906 1241 1079 1338 perfillet?
1126 1245 1164 1310 ln
1188 1243 1290 1316 obuio
1313 1245 1680 1316 Guttsrtncrruttt
1705 1248 1781 1315 calu
1810 1247 1933 1318 rtrius‘

453 1370 519 1444 que
534 1348 716 1440 Religionis
736 1347 767 1413 in
784 1344 932 1438 lmperio
952 1343 1113 1410 exercitae
1130 1340 1323 1434 dogmatum
1345 1339 1517 1411 conflictus
1538 1343 1666 1422 oritur,
1699 1345 1747 1412 ita
1771 1341 1907 1438 quidem,
1927 1294 1933 1420 l

452 1467 489 1514 vt
503 1445 667 1516 Catholici
688 1463 842 1512 votorum
865 1437 1031 1520 valorem,
1064 1433 1272 1533 effeliusque
1294 1436 1425 1510 ciuiles'
1439 1437 1514 1508 suie
1539 1433 1711 1511 dottrinnc
1735 1431 1909 1512 conformet

451 1537 512 1611 stbi
529 1542 710 1617 vindicent,
736 1531 954 1607 Proteslantcs
968 1556 1081 1604 contra
1099 1557 1135 1602 ea
1153 1531 1243 1606 secus
1260 1533 1417 1614 sentiant,
1441 1557 1475 1606 et
1490 1529 1629 1616 effeslus
1643 1534 1761 1608 ciuiles
1776 1524 1909 1644 suaedq'

384 1695 389 1706 ,
454 1633 582 1709 &rinae
596 1635 777 1708 Catholicis
792 1629 1101 1703 obtruderc'velint.
1153 1635 1191 1700 ln
1211 1633 1271 1702 ltac
1291 1627 1457 1702 collisione
1476 1633 1550 1724 q'uis
1566 1617 1684 1702 cederi
1732 1628 1911 1710 AnCatbut

452 1731 510 1806 lici
531 1729 746 1828 antiquisllma
762 1732 887 1801 iurium
903 1749 936 1800 et
952 1725 1122 1797 dollrinae
1138 1723 1212 1800 sune
1229 1723 1419 1824 poll'cllione
1436 1723 1589 1799 fundati?
1636 1739 1690 1800 An
1707 1708 1948 1802 protestantis

454 1833 588 1902 nouiter
602 1833 635 1900 in
652 1825 852 1900 consortium
870 1821 995 1894 admissi
1004 1875 1012 1904 ‚
1038 1825 1331 1920 quorumjnt'nper
1348 1823 1538 1919 praetensae
1557 1829 1781 1898 Autonomiae
1797 1851 1859 1898 tam
1874 1831 1912 1914 in·

452 1922 558 2021 fignes
573 1923 689 1996 nullibi
706 1924 824 1994 indulti
841 1925 996 2014 leguntur
1011 1919 1177 1994 ell‘cllusi
1227 1929 1352 1992 Nonne
1371 1919 1500 2016 ipfimet
1520 1921 1759 2000 Prorellnmes‚
1783 1921 1923 1995 stinReo'
1942 1937 1948 1944 '

455 2027 556 2116 glorie
571 2025 712 2118 quadam
728 2025 823 2094 vuius
839 2044 870 2091 et
891 2016 990 2090 solius
1007 2019 1189 2108 Religionis
1212 2017 1464 2116 protellamicae
1486 2023 1679 2104 exercitium
1702 2017 1856 2090 baslcnus
1873 2017 1911 2118 ll·

455 2115 592 2212 guill‘et,
619 2123 775 2214 Princeps
798 2141 906 2188 autem
924 2113 1073 2208 diuersae
1097 2141 1112 2182 a
1132 2117 1543 2212 Territorinli'uRclgioni
1569 2115 1717 2191 iddielus
1744 2123 1908 2212 reciperen
1943 2111 1948 2116 ’

455 2239 576 2314 nouam
594 2219 677 2286 lttne
694 2213 930 2286 conccffionem
950 2211 1058 2282 ttritle
1072 2214 1394 2312 iuterpretireotur,
1420 2213 1559 2310 ecquod
1575 2241 1641 2286 nott
1658 2213 1804 2312 esprelle
1823 2209 1910 2286 indul·

455 2336 545 2398 tum,
569 2317 664 2387 nouis
681 2311 865 2410 hospitibus
879 2315 1060 2403 negarent?

1105 2549 1136 2630 §.
1187 2539 1278 2614 LV.

571 2688 685 2781 Quum
701 2685 766 2753 iam
785 2705 823 2751 ex
842 2682 1049 2756 documentis
1071 2683 1318 2758 euidentiffimls
1336 2711 1373 2756 ae
1390 2679 1623 2781 probatislimit
1642 2681 1789 2760 euillum
1805 2685 1912 2770 ttae

457 2786 491 2855 ln
506 2780 745 2853 Tronl'ncliune
765 2778 971 2862 Pull'attienfi,
999 2809 1057 2853 nec
1073 2787 1105 2852 in
1124 2788 1204 2853 Pice
1222 2782 1404 2873 Religinsa,
1431 2810 1490 2851 nec
1509 2784 1651 2875 deisque
1673 2788 1705 2853 in
1728 2790 1808 2857 Pace
1824 2782 1911 2857 ll’ell·

455 2882 586 2976 pltnlica
602 2882 753 2970 Religiatis
769 2904 784 2945 o
805 2880 978 2969 lleligionc
997 2906 1029 2951 et
1045 2887 1130 2951 rotis
1146 2880 1318 2951 deficiendi
1339 2880 1524 2952 libertatem
1546 2879 1608 2951 ell'e
1623 2880 1822 2965 concessam,
1835 2886 1910 2955 ideo·

456 3001 522 3071 que
539 3002 597 3048 nec
613 2978 747 3048 eosdem
764 2970 869 3046 faslae
883 2975 922 3045 ab
939 2979 977 3045 iis
995 2982 1169 3048 mutationi
1189 2980 1371 3069 Religionis
1388 2978 1581 3048 tribuendos
1595 2976 1657 3049 elle
1673 2976 1813 3051 effusius
1828 3001 1913 3077 atque

454 3074 575 3146 summi
591 3070 756 3143 Pontificio
772 3069 1030 3166 Dispensationi:
1051 3078 1180 3169 lpernre
1202 3076 1312 3145 licebit
1329 3071 1414 3155 fore,
1433 3098 1466 3145 tt
1480 3100 1546 3145 non
1562 3097 1688 3146 tamum
1705 3075 1915 3171 ipseGrts't·

455 3188 658 3242 Lactruttvs
676 3168 715 3237 ab
735 3167 892 3238 vlteriore
910 3168 1033 3241 anuline
1054 3176 1158 3265 patris
1182 3170 1227 3241 sni
1245 3168 1452 3251 defensione,
1486 3176 1579 3242 cuius
1601 3176 1698 3243 irrito
1718 3172 1853 3267 prorsus
1870 3198 1916 3245 co*

457 3288 535 3335 natu
552 3286 728 3358 potronttm
744 3284 836 3353 aget,
864 3264 994 3333 tandem
1012 3267 1188 3361 aliqnando
1205 3267 1348 3348 desiliat,
1374 3266 1427 3339 scd
1445 3293 1477 3338 et
1491 3271 1610 3361 reliqui
1622 3266 1917 3365 Protellantesque·

456 3362 541 3433 relas
559 3359 622 3431 fine
638 3358 853 3431 fundamento
872 3366 1017 3432 mouenti
1039 3362 1194 3455 benignas
1212 3366 1373 3461 praebere
1389 3390 1503 3445 aures,
1530 3368 1628 3437 nutG
1671 3387 1915 3445 usr'tucttl·

456 3480 502 3531 ur
524 3463 628 3554 patris
642 3481 717 3530 cunt
733 3454 859 3527 summa
876 3460 945 3529 eius
963 3456 1187 3553 superiorum,
1215 3464 1400 3557 quidquod
1418 3458 1517 3555 ipsius
1539 3462 1676 3531 Domini
1696 3466 1917 3537 Tetricoritlis

457 3559 578 3626 iniuria
596 3556 816 3649 patrocinium
833 3550 996 3649 suscipere
1016 3554 1161 3627 defluant
1180 3584 1346 3629 memores
1361 3558 1520 3629 llabilitae
1535 3562 1567 3627 in
1584 3562 1665 3630 Pace
1681 3561 1866 3655 Religioss,
1878 3592 1882 3597 ·
1894 3582 1936 3633 et·

456 3655 489 3722 in
513 3656 596 3721 Pace
620 3650 842 3743 Wellphalica
860 3658 933 3722 Art.
951 3658 993 3722 V.
1018 3650 1049 3749 b.
1072 3678 1126 3749 30.
1152 3665 1313 3749 repetitae
1337 3679 1371 3727 et
1398 3654 1612 3725 confirmatae
1636 3654 1835 3741 sonslionis,
1863 3682 1919 3756 qut

458 3769 592 3818 cautum
614 3748 676 3819 ell:
706 3748 837 3843 “Qtod
854 3770 952 3819 nemo
977 3752 1103 3821 alienos
1126 3748 1273 3822 subditos
1296 3754 1337 3824 ad
1364 3752 1454 3823 luam
1478 3753 1686 3844 Religionem
1711 3760 1921 3851 pertrahere.

568 4008 752 4083 „tutionem
773 4007 866 4089 (pac.
883 4007 1058 4089 Religios.)
1081 4044 1094 4057 ·
1106 4042 1120 4057 ·
1139 4012 1282 4077 illustrari
1313 4024 1349 4075 et
1368 4014 1536 4082 declarari,
1566 4016 1677 4095 eique,
1703 4018 1788 4099 qnod
1800 4038 1862 4081 eon
1876 4039 1925 4081 eat·

569 4085 684 4172 „preffe
693 4086 849 4171 concellum
862 4090 920 4171 esi,
939 4112 994 4171 per
1003 4094 1093 4155 verba
1106 4104 1134 4155 et
1146 4098 1301 4174 opiniones
1317 4098 1525 4177 disceptationi
1538 4096 1688 4161 obttoxius
1697 4104 1824 4165 mittitete
1833 4100 1928 4183 inseri,

568 4183 631 4249 „vt
648 4171 735 4254 plura
750 4171 865 4234 diffidis
885 4183 1055 4255 motusque
1068 4176 1321 4256 praescindantur
1338 4190 1371 4239 et
1389 4181 1559 4241 enitentur.
1574 4218 1595 4250 ,‚

628 4292 678 4357 11)
701 4286 934 4351 Confirmnutur
949 4290 1031 4354 disto
1047 4312 1102 4373 per
1118 4293 1206 4375 leger
1223 4296 1318 4357 etiarn
1333 4294 1464 4357 ciuiles:
1492 4292 1545 4359 stc
1558 4292 1796 4367 Ttteonostvs
1811 4308 1848 4361 et
1861 4296 1929 4365 Vn·

567 4390 817 4434 ntnrttttnnvs
835 4370 936 4453 lmpp.
970 4382 991 4410 ‘⁶
1006 4374 1180 4459 Quidquid.
1205 4378 1313 4457 aiunt,
1335 4376 1390 4439 ltuc
1405 4378 1467 4457 tege
1481 4375 1648 4457 [pericliter
1662 4396 1722 4439 eon
1740 4378 1867 4447 uidetur
1879 4400 1929 4443 ex·

466 4464 469 4473 ·
570 4448 738 4533 „pressum
759 4454 792 4513 id
808 4462 941 4515 aetenam
953 4456 1072 4537 tegrin,
1093 4456 1395 4539 constitutionemque
1407 4460 1524 4538 regulis
1540 4476 1640 4520 omnes
1661 4458 1798 4522 retritum
1818 4464 1932 4524 intelle-

568 4543 678 4611 „gam
692 4577 712 4607 ‚‚
758 4534 792 4597 L.
805 4552 855 4613 32.
876 4542 899 4607 t.
913 4534 967 4597 fin.
982 4536 1017 4601 C.
1031 4538 1069 4599 de
1083 4538 1241 4613 Adpellat.
1261 4540 1294 4601 L.
1312 4558 1358 4617 14.
1379 4558 1427 4621 15.
1444 4558 1494 4601 ατ.
1508 4558 1558 4619 3²·
1575 4538 1609 4603 ff.
1625 4542 1665 4603 de
1676 4538 1738 4605 LL.
1757 4540 1793 4605 L.
1811 4562 1882 4605 122.
1899 4542 1932 4607 ff.

570 4614 608 4675 de
627 4612 661 4709 R
675 4614 699 4677 l.
718 4616 752 4677 L.
765 4634 795 4697 3.
806 4600 848 4677 'C.
862 4606 901 4677 de
919 4616 979 4681 LL.
1010 4616 1052 4681 Et
1067 4618 1111 4683 ita
1129 4619 1266 4685 sentiunt
1283 4618 1426 4698 Glollae,
1447 4618 1533 4697 leti,
1554 4632 1588 4686 et
1601 4620 1761 4689 bonore·
1776 4634 1842 4689 taut
1855 4626 1933 4708 juris

572 4695 676 4760 ciutfia
695 4715 787 4777 quarn
806 4700 961 4767 canonici.
