4784 5550
548 637 595 720 58
1000 619 1579 701 Dtssutttntto

1229 878 1240 902 .
1291 827 1375 902 XX.

549 961 674 1040 Etihnr
699 955 837 1035 desitne
860 955 1017 1037 Novsles
1032 839 1241 1060 spissandi
1271 960 1320 1044 nd
1329 959 1425 1056 solos
1456 958 1663 1062 Episcopus,
1699 961 1762 1064 qui
1785 959 1864 1036 iios
1884 982 1956 1038 non
1979 957 2047 1039 Pa·

1050 1080 1145 1148 corbos
1171 1077 1222 1162 (ed
1244 1082 1315 1148 aliis
1338 1079 1543 1152 contulerunt.

667 1230 760 1300 Sicut
783 1249 894 1298 autem
915 1223 1073 1321 Episcopi
1099 1226 1138 1296 ab
1164 1228 1294 1318 origine
1318 1228 1522 1300 decimarum
1543 1225 1778 1300 universalium
1801 1229 1834 1298 in
1857 1205 2043 1300 (fltname

549 1349 644 1424 etant
659 1327 757 1398 liberi
771 1325 909 1407 arbitri,
935 1323 976 1393 sic
999 1329 1097 1395 etism
1116 1327 1320 1396 decimarum
1336 1329 1505 1398 novalium
1532 1325 1571 1396 ad
1589 1327 1664 1397 illos
1682 1323 1841 1422 speilavit
1859 1322 2042 1420 dispositio,

548 1425 599 1498 illi
614 1448 723 1498 autem
749 1423 882 1496 novales
903 1422 1047 1493 decimas
1073 1447 1137 1491 oon
1156 1420 1382 1495 concesserunt
1403 1427 1559 1522 parochis
1581 1449 1727 1518 congrua
1749 1421 1863 1496 saltem
1887 1419 2041 1520 provisis,

548 1521 605 1596 sed
622 1523 714 1602 aliis:
740 1524 863 1618 partim
881 1517 1049 1601 Ecclesns,
1076 1525 1200 1615 partim
1215 1519 1448 1602 Monasleriss,
1473 1525 1595 1618 partim
1610 1527 1709 1595 etiam
1726 1525 1851 1604 Laicis3
1877 1519 1973 1617 quod
1990 1543 2042 1594 atr

550 1644 620 1694 tem
642 1625 676 1693 in
700 1621 809 1716 specie
832 1619 967 1690 decimae
983 1619 1133 1688 Nosales
1155 1623 1382 1712 origiuetenus
1401 1616 1477 1690 solis
1499 1623 1690 1692 Germanice
1716 1617 1889 1717 Episcopis
1907 1641 2043 1714 compe·

548 1723 684 1800 sierint,
709 1740 776 1788 tam
793 1741 831 1788 ex
851 1718 989 1811 antiquo
1007 1721 1184 1808 germanie
1203 1717 1305 1800 llaru,
1330 1742 1431 1811 qoam
1445 1743 1483 1790 ex
1498 1717 1716 1814 scriptoribus
1730 1721 1849 1790 coevis
1869 1717 1949 1788 satis
1963 1739 2041 1814 pm·
2079 1743 2081 1748 ·

549 1817 623 1889 bari
639 1813 764 1914 potesl;
792 1815 824 1885 dr
840 1815 976 1911 quidem
990 1815 1099 1910 quoad
1117 1821 1266 1914 primum
1287 1817 1470 1888 Germania
1486 1814 1544 1887 res
1564 1815 1639 1888 ee'lu
1654 1815 1774 1892 Galliae
1788 1817 2041 1896 transrhenana.

551 1917 632 1986 dum
648 1911 804 1986 conversa
818 1909 884 1984 fuit
899 1912 940 1982 ad
960 1915 1158 2002 religionem
1174 1912 1417 2003 Christianam,
1438 1937 1506 1984 non
1527 1841 1591 1986 sdic
1610 1913 1752 1986 mulium
1767 1915 1872 1996 culta,
1900 1907 1957 1986 sed
1979 1909 2040 2008 syl·
2076 1975 2081 2006 4

548 2015 599 2085 vis
617 2013 753 2084 horrida
769 2035 805 2084 ac
819 2008 1120 2108 paludibus-sceda,
1148 2034 1251 2108 prout
1267 2007 1467 2084 describitur
1485 2011 1742 2109 aScriptoribus
1755 2015 1917 2106 antiquis,
1942 2009 2040 2082 adeo·
2079 2017 2081 2022 ’

431 2129 434 2136 ·
550 2135 619 2208 que
633 2107 655 2182 ss
670 2107 843 2208 Episcopis
859 2113 991 2190 noviter
1008 2111 1188 2193 ordinatiss
1215 2108 1335 2206 quibua
1360 2106 1539 2182 secundum
1562 2106 1660 2207 sopra
1677 2107 1816 2206 probata
1832 2133 1897 2205 pro
1919 2105 2041 2180 susten·

550 2211 677 2282 tatione
693 2207 853 2302 assignata
868 2205 939 2279 socr
957 2211 1122 2290 Decime,
1149 2210 1200 2282 ltae
1213 2205 1371 2280 reslriiise
1386 2203 1517 2280 soilsens
1532 2207 1572 2278 sd
1588 2230 1692 2282 terras
1711 2231 1782 2279 tum
1801 2209 1970 2304 temporis
1985 2203 2042 2278 sal·

550 2307 757 2387 temcultss,
783 2331 905 2400 easque
923 2304 1148 2400 pausillimas,
1176 2307 1291 2377 &non
1306 2303 1401 2377 fimul
1420 2306 1555 2378 novales
1573 2303 1725 2378 concesse
1748 2301 1899 2388 fuissent,
1926 2303 2041 2376 tixnl·

541 2405 620 2476 slam
635 2402 817 2476 habuissent
833 2429 870 2474 ex
886 2403 1047 2474 reditibus
1063 2404 1127 2472 illis
1144 2401 1368 2474 modicillimis
1385 2405 1650 2476 l'ullcntationem
1666 2401 1841 2500 Episcopi,
1867 2407 2041 2501 necSpem
2073 2415 2080 2430 '

552 2503 705 2576 melioris
722 2498 981 2582 sustentationis,
1016 2501 1107 2596 quod
1134 2527 1243 2573 autem
1260 2505 1381 2598 partim
1399 2501 1492 2572 nullo
1514 2502 1616 2574 modo
1639 2501 1925 2599 presumendum,
1959 2523 2041 2598 ptr.

552 2603 614 2673 tim
636 2621 752 2672 contra
775 2596 879 2690 ipsam
902 2601 1059 2696 impingit
1083 2595 1183 2669 fidem
1208 2597 1420 2684 historicsm3
1462 2599 1542 2670 dum
1565 2603 1655 2672 enim
1678 2597 1846 2674 occasione
1865 2599 2042 2690 religionis

550 2696 746 2773 Chrillisnae
762 2720 824 2796 per
840 2699 1056 2768 Germaniam
1074 2721 1265 2796 propagate
1280 2695 1349 2794 ipss
1372 2700 1553 2770 Germania
1575 2695 1639 2769 fuit
1653 2697 1693 2767 ad
1709 2698 1873 2768 culturam
1887 2695 2044 2783 redasls,

551 2822 589 2870 ac
604 2794 772 2869 occasione
788 2800 919 2867 noviter
934 2794 1169 2869 edificatarum
1193 2796 1232 2869 ab
1256 2794 1427 2893 Episcopis
1447 2795 1647 2892 potissimum
1671 2794 1889 2868 Ecclesssrom
1912 2820 1951 2869 ac
1971 2820 2046 2873 mo·

551 2893 772 2967 nasleriorum
791 2890 902 2967 escisae
918 2890 992 2967 sunt
1008 2894 1122 2992 sylva,
1149 2899 1218 2967 imo
1232 2895 1372 2967 condita
1388 2919 1464 2965 com
1478 2898 1662 2969 innumeris
1677 2891 1847 2967 succellive
1862 2896 1959 2991 pagis
1968 2894 2047 2991 plu·

551 2999 647 3067 rimae
669 2998 851 3076 Civitates,
891 3018 993 3087 prout
1015 2995 1242 3091 pulcherrime
1265 2994 1335 3066 haec
1356 2990 1510 3065 describit
1531 3000 1571 3063 M
1580 3012 1807 3069 nutttout
1824 3012 1874 3063 us
1904 2995 1940 3063 in
1964 2996 2046 3065 ndis

548 3094 720 3184 {indorum
735 3098 798 3163 ord.
816 3100 847 3165 S.
865 3097 1205 3185 honestissimorum
1223 3098 1254 3162 in
1271 3094 1447 3186 prefatione
1459 3097 1655 3164 adscensum
1677 3117 1707 3179 3.
1727 3094 1975 3173 Benediilinsnn,
1998 3088 2046 3163 fle

552 3192 690 3262 decima
707 3212 949 3284 tumtemports
966 3187 1165 3283 potillitnum
1184 3188 1397 3262 confluebant
1410 3215 1449 3264 ex
1464 3189 1673 3271 Novalibus‚
1700 3214 1773 3283 quae
1784 3184 1957 3286 Episcopis
1975 3210 2045 3287 pro

551 3285 783 3360 lbllentatione
801 3283 896 3357 suere
910 3283 1081 3377 assignatae.
1128 3292 1263 3358 'Pariter
1277 3313 1315 3358 esc
1330 3287 1548 3385 scriptoribus
1565 3291 1682 3360 coevis
1699 3286 1774 3357 satis
1788 3282 1930 3369 conflat,
1954 3310 2045 3381 qun·

551 3387 655 3459 modo
673 3388 864 3459 Germania
878 3383 1036 3481 Episcopi
1054 3385 1199 3457 decimas
1221 3386 1370 3457 Nosalea
1388 3390 1615 3480 originetenus
1637 3410 1713 3458 rom
1739 3380 1922 3457 exclusione
1941 3372 2046 3479 pard-

551 3488 694 3559 chorum
709 3508 748 3559 ex
766 3506 860 3582 parte
877 3483 986 3555 adhuc
1001 3486 1248 3577 incognitorum
1264 3480 1435 3581 acquisitas
1457 3484 1529 3555 aliis
1544 3478 1804 3578 frequentissime
1819 3484 1920 3556 variis
1934 3504 1975 3555 ex
1995 3486 2044 3555 ti·

550 3583 628 3657 tulis
643 3584 863 3668 contulerint,
889 3578 1044 3656 conferre
1060 3606 1171 3657 autem
1187 3606 1253 3656 non
1272 3578 1468 3681 potuissent,
1494 3580 1552 3655 rlisr
1568 3580 1628 3682 ips
1644 3576 1839 3655 habuissent.

667 3760 711 3827 Et
739 3755 876 3851 quidem
905 3756 1089 3827 innumeris
1121 3752 1242 3825 Thessa
1264 3753 1334 3825 hac
1356 3748 1569 3848 comprobari
1594 3750 1701 3849 potesl
1721 3748 1952 3843 argumentis:
1998 3744 2046 3821 sse

552 3853 640 3923 circa
656 3877 707 3925 an.
724 3880 766 3946 95
777 3880 806 3942 5.
821 3853 1014 3925 Fridericus
1029 3856 1055 3922 1.
1074 3849 1357 3948 Archiepiscopus
1373 3857 1529 3942 Mogros,
1554 3846 1711 3922 fundator
1736 3846 1885 3921 Ecclefiae
1908 3844 2047 3941 colleg.

424 3956 432 3973 ⁸
554 3954 587 4024 S.
613 3954 703 4029 Petri
729 3956 825 4043 Mag.
847 3950 989 4023 eontulit
1014 3948 1062 4020 illi
1088 3948 1140 4021 sex
1164 3948 1323 4022 Ecclesas
1354 3951 1387 4018 in
1415 3951 1576 4040 Ringavia
1600 3974 1675 4020 cum
1699 3950 1837 4020 decimis
1863 3943 2045 4017 novalibus

513 4096 518 4107 ·
553 4050 621 4121 vid.
641 4050 791 4146 diploma
810 4054 843 4119 in
867 4054 975 4146 Jorl.
995 4053 1100 4119 Tom.
1120 4052 1167 4122 ll.
1191 4075 1251 4120 rer.
1273 4058 1371 4139 Mag.
1389 4071 1422 4139 p.
1441 4056 1526 4135 460.
1549 4051 1580 4117 vl
1604 4051 1697 4142 cujus
1717 4042 1895 4143 praediilus
1917 4038 2046 4139 praesul

552 4145 746 4231 Ecclesiam,
776 4172 850 4243 quae
866 4149 1047 4239 vulgariter
1069 4146 1189 4218 dicitur
1213 4146 1368 4218 Elteville
1383 4143 1445 4217 sure
1464 4141 1706 4239 jurisdisiionis
1722 4147 1945 4242 pertinentem
1960 4164 2045 4215 cum

550 4242 609 4315 srbi
625 4247 850 4343 adjacentibus
874 4244 995 4318 scilicet
1017 4242 1190 4328 Waltasse,
1217 4245 1423 4325 Steinheim‚
1448 4242 1630 4324 Keterrho,
1658 4240 1865 4322 Everslsach,
1890 4242 2047 4311 Hasten-

553 4344 664 4425 heim,
699 4352 818 4418 decimis
843 4371 957 4441 qnsqne
978 4350 1036 4416 illis
1057 4346 1257 4417 attinentibus
1276 4364 1341 4415 tuns
1361 4349 1397 4412 de
1417 4348 1487 4414 locis
1504 4346 1569 4433 jaon
1593 4365 1661 4411 tnnc
1684 4345 1811 4412 excultis
1832 4362 1924 4432 quam
1943 4342 2048 4413 adius

552 4446 719 4513 excolendis
737 4448 821 4536 insen
839 4450 981 4517 terminos
995 4445 1061 4529 (uns
1083 4444 1269 4533 constitutis,
1303 4465 1362 4511 nec
1386 4463 1452 4512 non
1477 4441 1518 4510 de
1538 4440 1734 4510 animalibus
1759 4462 1826 4510 tam
1848 4432 2046 4509 volatilibus

436 4612 439 4617 .
552 4563 654 4637 quam
670 4540 942 4639 quadrupedibus
964 4539 1029 4615 fine
1048 4543 1242 4636 exceptione
1262 4537 1301 4610 ad
1329 4534 1405 4609 osus
1429 4535 1570 4610 fratrum
1597 4536 1746 4609 Ecclefise
1770 4540 1802 4618 5ί
1820 4537 1909 4606 Petri
1934 4532 2047 4608 libere

550 4636 764 4712 contradidit.
813 4643 857 4713 Er
881 4641 960 4714 dum
980 4640 1047 4737 jam
1064 4665 1091 4718 ts
1118 4654 1222 4731 1058.
1241 4640 1370 4714 ratione
1390 4637 1597 4715 decimarum
1619 4635 1788 4713 novalium
1813 4630 2044 4711 controversie

1846 4748 1849 4755 ·
1947 4752 2049 4805 enata
