4784 5550
544 417 574 486 Ι

456 651 532 728 450
605 575 902 704 vissanum.
922 619 991 699 nt:
1009 619 1206 697 ouran.
1225 601 1473 707 nocturna.
1489 621 1686 705 accras.
1703 629 1775 707 aa.
1902 567 1905 572 ⁵

458 800 513 874 cia
534 818 689 895 tempore
707 800 943 881 Francorum,
968 792 1023 868 sed
1049 782 1155 888 long!
1173 790 1359 894 firmiorem
1391 794 1634 870 abdicationem
1667 801 1825 873 Dominis
1855 800 1943 875 utilia

461 899 650 976 continent,
672 894 799 965 &hinc
817 918 877 966 nec
893 918 933 966 ex
954 896 1064 990 capite
1084 893 1274 984 indigentie
1303 895 1440 965 Domini
1465 893 1585 966 diresli
1610 899 1783 980 revocari,
1802 923 1865 971 nec
1883 905 1941 973 De·

460 993 693 1069 scandentibus
710 988 835 1062 Vasalli
853 990 894 1063 ab
910 990 1050 1063 Ecclefir
1073 993 1159 1085 eripi
1188 986 1328 1085 possunt.
1378 996 1463 1087 Qaae
1480 990 1551 1086 ipsa
1579 991 1772 1066 differentia
1788 998 1823 1066 in
1845 993 1940 1071 caussa

460 1090 525 1173 est,
550 1115 611 1161 cur
628 1084 786 1161 beneficia
806 1088 875 1159 haec
892 1112 1046 1184 tempore
1062 1092 1269 1158 Francorum
1286 1086 1395 1160 adhuc
1411 1112 1475 1183 pro
1492 1089 1588 1162 bonit
1603 1090 1834 1163 Ecclesiaslicia
1846 1097 1938 1167 etiam

462 1190 605 1260 durante
626 1185 733 1257 adbuc
752 1186 903 1280 precaria
925 1188 1097 1278 potuerint
1115 1181 1333 1266 considerari,
1357 1208 1432 1256 cum
1458 1209 1592 1257 econtra
1615 1183 1756 1260 seudum
1779 1188 1821 1259 ab
1840 1193 1937 1264 Eccle-

460 1283 506 1360 fia
528 1285 641 1356 datum
660 1282 801 1354 durante
822 1305 907 1353 nexu
929 1278 1052 1354 feudali
1078 1282 1218 1376 perinde
1229 1305 1266 1352 ac
1291 1283 1354 1351 alia
1371 1306 1425 1353 rea
1441 1279 1603 1354 secularia
1621 1309 1639 1356 a
1655 1283 1778 1358 vasallo
1792 1284 1937 1383 possidea-

461 1407 538 1466 rur,
562 1381 595 1453 ἀ
615 1379 656 1452 stc
674 1380 784 1450 omnia
807 1379 948 1474 qualitas
973 1375 1193 1450 Ecclebasltca
1212 1377 1353 1450 ertinsla
1374 1377 1430 1461 stt,
1451 1378 1483 1452 ἅ
1503 1380 1640 1453 demum
1657 1384 1691 1453 in
1710 1380 1786 1455 casu
1810 1382 1934 1456 consoli·

459 1481 604 1554 dationis
626 1501 703 1550 cum
726 1479 887 1549 Dominio
911 1473 1040 1548 direslo
1064 1472 1246 1552 reviviscat.
1264 1470 1372 1548 consr.
1395 1480 1624 1549 Buranun
1652 1485 1739 1553 Yam.
1759 1507 1787 1558 r.
1809 1484 1932 1569 Censttlt.

457 1608 494 1658 4·
520 1583 624 1651 Nam.
644 1587 721 1645 ror.
739 1577 862 1666 &seqq
887 1573 1038 1668 adeoque
1053 1571 1107 1643 sua
1128 1572 1246 1668 sponte
1265 1570 1460 1659 coniicitur,
1480 1575 1594 1672 quod,
1620 1580 1700 1670 quia
1723 1577 1812 1650 bona
1829 1579 1869 1649 ab
1885 1582 1936 1652 Εσ-
1959 1594 1962 1601 “

456 1669 555 1748 alesia
572 1669 780 1744 secularibus
796 1673 829 1740 in
846 1667 985 1742 seudum
1002 1672 1075 1744 data
1088 1694 1264 1766 quousque
1275 1694 1311 1742 ut
1326 1665 1470 1742 feudalia
1491 1669 1713 1769 poffidentur,
1731 1699 1800 1747 non
1814 1673 1934 1771 possunt

458 1795 498 1845 ut
512 1769 598 1843 bona
624 1763 843 1840 Ecclesiastico
863 1766 1082 1849 confidcrart,
1104 1767 1193 1861 quod
1217 1791 1260 1838 eo
1281 1765 1354 1862 ipso
1371 1771 1490 1850 etiam,
1520 1792 1621 1865 quam
1644 1794 1768 1864 patum
1782 1773 1825 1843 atl
1848 1779 1933 1844 Man·

457 1865 528 1945 sam
552 1863 807 1961 Episcopalem,
826 1866 867 1936 ad
887 1890 1070 1957 congruam
1091 1867 1321 1946 clericorum,
1344 1865 1436 1937 &aa
1455 1863 1722 1939 sustentationem
1742 1894 1933 1965 pauperum,

458 1990 529 2041 tam
547 1987 666 2060 parum
684 1963 841 2033 etiamad
868 1957 1027 2034 fabricam
1050 1960 1199 2033 Ecclestae
1215 1987 1233 2032 a
1250 1959 1378 2032 vasallis
1400 1959 1608 2035 saecularibus
1622 1967 1777 2063 impendi
1789 1967 1932 2050 debeam

454 2063 620 2159 quodque
643 2057 794 2132 similiter
816 2058 927 2131 vasalli
953 2062 1102 2132 Decimio
1126 2058 1166 2130 ab
1201 2056 1424 2134 Ecclesiastico
1450 2056 1592 2132 investiti
1618 2062 1659 2133 ad
1693 2069 1929 2159 reparationem

456 2157 609 2235 Ecclesia
626 2181 829 2231 concurrere
844 2161 964 2230 merito
987 2155 1182 2236 detreelent,
1235 2161 1328 2228 Nam
1347 2160 1403 2251 (ut
1420 2155 1503 2230 bene
1516 2160 1562 2230 ait
1584 2162 1826 2241 Coat’zov,
1845 2169 1875 2234 ie
1888 2167 1932 2254 ja·

456 2262 590 2353 aitprud.
612 2256 813 2346 Gonfillotiali
832 2256 905 2328 Lib.
927 2283 957 2334 2.
972 2250 1040 2327 des.
1058 2256 1159 2347 347.)
1183 2257 1259 2326 bana
1276 2257 1415 2342 feudalia
1432 2280 1522 2326 onere
1542 2260 1824 2330 contribuendum»
1846 2265 1932 2332 Etaie-

450 2359 501 2452 fie
520 2356 694 2448 [temptarem
711 2379 768 2424 non
791 2357 898 2422 delent
917 2358 1068 2445 gravari,
1090 2377 1155 2422 cnm
1175 2357 1254 2422 enim
1276 2351 1412 2438 vasallus
1432 2357 1550 2424 ratione
1566 2356 1656 2446 seedi
1675 2363 1807 2428 Domine
1830 2362 1931 2428 diresin

450 2453 495 2549 fit
512 2453 665 2544 alstrislus
684 2454 724 2520 al
743 2449 894 2540 servitia,
918 2475 1048 2540 aquam,
1073 2470 1108 2518 nt
1130 2451 1255 2542 ‘uitiffitn
1271 2451 1308 2518 el
1326 2455 1400 2519 aliis
1418 2453 1556 2521 nnenlus
1576 2456 1675 2542 quoad
1683 2454 1815 2543 sensam
1830 2461 1933 2526 exine-

456 2573 535 2632 eur,
557 2573 593 2618 ne
617 2550 726 2639 duplari
753 2572 840 2617 encre
861 2567 1032 2638 gravetur.
1086 2550 1211 2639 Neque
1233 2548 1266 2615 in
1294 2548 1499 2618 contrarium
1521 2551 1707 2620 authoritas
1731 2556 1930 2650 Vnaaruv

458 2666 529 2721 sla
551 2642 600 2715 sui
623 2665 729 2736 usquc
748 2642 832 2714 adeo
851 2642 897 2714 est
917 2642 1057 2713 valitura
1076 2664 1266 2725 momento,
1294 2665 1330 2713 ut
1348 2647 1511 2735 integram
1527 2645 1611 2716 banc
1634 2645 1720 2738 juria
1741 2643 1930 2720 feudalia&

455 2743 616 2821 hodierni
632 2741 816 2832 analogiam
841 2763 941 2837 queat
956 2762 1123 2821 evertere,
1142 2740 1219 2813 binc
1234 2743 1347 2837 potius
1368 2742 1724 2836 eatenus-praevalebit
1744 2743 1928 2819 sententiae

455 2844 627 2917 Cosw
648 2841 689 2909 ati
711 2846 887 2911 Decteraies
907 2842 969 2916 Tit.
989 2841 1027 2907 de
1042 2840 1234 2926 tranlnllion.
1274 2840 1379 2930 lofin.
1395 2838 1474 2909 dum
1491 2841 1554 2910 ait:
1581 2838 1671 2910 Lnici
1690 2846 1821 2914 decimas
1834 2849 1866 2913 in
1868 2846 1929 2936 sea·

456 2946 530 3015 dum
545 2940 582 3010 ab
600 2937 728 3023 Ecclefia
744 2942 829 3009 datas
842 2941 913 3031 iure
929 2939 1037 3028 optime
1052 2938 1191 3027 poffident
1214 2956 1357 3028 unquam
1375 2961 1422 3005 ees
1440 2940 1625 3029 proprias&
1643 2945 1930 3032 patrimoniales,&

456 3043 688 3113 BARBOSAE
702 3037 744 3103 ed
761 3044 795 3110 C.
814 3038 900 3113 e.‘de
916 3037 1047 3103 Decimis
1062 3038 1093 3101 in
1112 3046 1143 3099 6.
1161 3041 1207 3104 Ν.
1228 3060 1279 3102 ta.
1299 3030 1487 3103 scribentis:
1512 3040 1639 3105 Decima
1655 3036 1810 3129 postquam
1823 3044 1928 3110 inLei·

453 3161 505 3212 ees
523 3139 660 3206 alienate
673 3132 822 3223 suerunt,
844 3132 934 3223 falle
944 3132 1018 3219 sunt
1038 3133 1075 3199 de
1097 3127 1224 3222 ipsorum
1239 3135 1435 3224 patrimonio,
1460 3135 1495 3205 ὅ
1512 3140 1558 3202 teti
1580 3136 1708 3226 prosena
1724 3139 1801 3205 lone
1828 3139 1928 3221 censen

456 3236 579 3309 delent.
620 3232 699 3299 Nec
725 3254 791 3301 non
815 3232 1013 3298 Esratutt
1036 3231 1074 3302 P.
1091 3254 1123 3297 e.
1155 3234 1220 3299 Tit.
1237 3253 1293 3315 33.
1319 3236 1354 3298 6.
1372 3257 1404 3303 4.
1428 3236 1476 3297 N.
1492 3247 1571 3315 380.
1590 3231 1673 3322 seqq.
1692 3230 1750 3303 ubi
1773 3236 1819 3305 ita
1837 3233 1924 3304 dicit:

320 3338 324 3347 '
455 3333 540 3406 Ilua
557 3333 620 3417 jam
635 3328 748 3420 pridem
767 3330 812 3396 bic
829 3328 863 3401 li
880 3329 911 3392 in
941 3328 1042 3393 Gellia
1057 3327 1184 3415 aliisque
1206 3327 1340 3419 partibus
1356 3329 1510 3407 invaluit,
1529 3331 1608 3419 quod
1625 3334 1754 3401 uerene
1776 3333 1924 3423 infeudata

454 3455 478 3504 a
495 3430 595 3500 Laicis
616 3424 813 3518 poffldeantur
826 3444 861 3493 ut
879 3425 941 3490 nlie
956 3417 1032 3489 bon'a
1047 3429 1291 3514 patrimonialia,
1308 3429 1397 3513 idque
1413 3427 1609 3504 observarant
1624 3450 1723 3495 ontnes
1748 3431 1921 3521 pragmatici,

457 3531 494 3603 ὅ
512 3528 630 3594 notorie
646 3529 750 3608 oraxis
769 3525 875 3611 ulique
896 3520 1063 3608 confirmat.
1117 3524 1183 3613 Qui
1205 3522 1304 3590 eriam
1327 3525 1358 3588 in
1388 3518 1656 3613 subsequentibus
1680 3522 1765 3595 benc
1782 3525 1919 3595 oblatrat

455 3623 614 3693 Decimae
626 3617 809 3710 ejusmodi,
826 3616 848 3686 st
864 3614 970 3687 soluto
988 3620 1086 3683 Nexu
1108 3612 1231 3687 feudali
1250 3620 1288 3684 atl
1309 3615 1464 3686 Ecclesiae
1483 3641 1708 3699 revertantur,
1726 3622 1839 3694 rursus
1853 3644 1915 3718 que·

455 3718 585 3887 liquem
603 3713 780 3884 dredituum
810 3711 1109 3790 Ecclesiasticorum
1137 3714 1302 3798 induere,
1325 3714 1515 3809 horumque
1534 3715 1666 3810 juribus
1686 3718 1844 3820 deinceps
1865 3711 1911 3794 ase

453 3836 482 3891 π
511 3835 600 3886 tman
625 3835 654 3886 a.

962 4168 1424 4287 ww&
