4784 5550
447 653 518 720 ιιι
690 615 1811 714 ιεηιιτιουιεουιεινι,

448 815 617 910 orttffitatt
634 815 750 906 preuio
772 813 916 884 licentiat
954 809 997 880 Et
1019 807 1136 878 Balins
1153 801 1211 876 tle
1230 798 1334 874 ttttiit
1353 799 1477 874 bonnm
1496 801 1666 898 tegolttot
1690 803 1742 878 nii
1763 809 1940 902 requiritur

451 917 606 1004 confilirrnr
623 911 834 1010 Superioris,
858 911 900 980 iii
915 912 977 996 ejas
995 905 1138 1000 μαψ
1159 901 1356 986 itinerator.
1404 903 1639 998 Jurooteototn
1658 925 1790 988 teneo,
1816 931 1934 980 cootto

450 1010 658 1084 voluntttcnt
677 1009 806 1108 ptcloti
832 1003 1000 1082 tntillum,
1025 999 1168 1082 tolcrct3
1199 1001 1277 1096 quio
1301 993 1451 1070 subditus
1478 1022 1631 1097 peccaret
1653 1003 1813 1076 duotottt
1834 1014 1934 1098 qaut

452 1113 585 1182 rntdnrn.
635 1110 675 1180 C.
696 1115 749 1178 Ao
765 1106 834 1178 hcc
848 1099 1015 1174 neccssttot
1029 1097 1172 1174 liceotiae
1191 1095 1392 1186 intelligitur
1405 1099 1443 1166 rie
1457 1103 1538 1168 otnni
1551 1099 1639 1188 caso,
1661 1123 1730 1196 quo
1742 1099 1894 1192 junctum
1909 1109 1933 1178 ῑι

452 1207 614 1288 clericut,
638 1229 678 1278 on
692 1227 772 1278 veto
789 1223 934 1278 tontum.
960 1219 1038 1272 tuot
1050 1195 1164 1290 jutete
1177 1194 1249 1266 vult
1264 1215 1363 1266 rorant
1372 1195 1477 1286 indite
1495 1195 1649 1282 [retiarii
1676 1201 1722 1268 D.
1736 1203 1857 1272 Tanto
1870 1225 1934 1276 nto·

454 1305 510 1400 jot
525 1307 588 1377 etit
605 1305 673 1382 hnc
691 1296 876 1378 neceffins,
899 1293 1034 1390 quoodo
1045 1293 1256 1384 conjudice
1268 1293 1418 1380 fortuni:
1446 1315 1589 1390 propter
1597 1293 1932 1460 finpoloterninaeam.

455 1407 549 1484 riarn,
572 1425 646 1494 qun
663 1401 841 1472 contitutut
854 1389 1059 1467 cxciiionetn
1074 1389 1253 1486 juramenti
1269 1411 1288 1456 o
1302 1387 1425 1462 clerico
1478 1393 1622 1464 tritum
1651 1393 1847 1479 ceneten,
1859 1421 1932 1472 cun

455 1499 513 1574 toli
543 1497 786 1571 humiliatione.
834 1492 938 1564 Multi
963 1483 1120 1588 equidem
1144 1484 1188 1557 de
1204 1487 1353 1580 entiquin
1368 1507 1426 1560 ote
1449 1509 1526 1570 uot,
1559 1493 1726 1562 Honorionr
1748 1497 1934 1592 precipere

454 1595 730 1672 consulationem
747 1591 878 1688 ptoptii
903 1587 1050 1672 Prcltti,
1076 1607 1155 1656 tunc
1174 1581 1331 1665 demunt,
1355 1583 1491 1682 quoodo
1512 1583 1657 1658 cleticut
1673 1573 1743 1660 uult
1756 1589 1933 1684 jutoretr·

457 1721 525 1767 rant
542 1699 640 1784 joint
656 1691 810 1782 seculari:
833 1683 887 1759 scd
902 1691 996 1757 rntnti
1012 1687 1136 1756 lionorii
1148 1676 1359 1754 confottniun
1371 1676 1436 1763 eii,
1456 1681 1597 1756 enrtdent
1611 1684 1778 1766 licentiam
1793 1693 1933 1788 requini,

456 1789 595 1866 strolltt
609 1787 749 1862 cleticut
765 1779 1083 1878 personaliterlutntc
1097 1803 1210 1851 cotont
1221 1783 1319 1866 iudice
1331 1777 1521 1872 mhfiostito
1533 1779 1623 1872 (lire
1636 1783 1704 1866 lto,
1721 1781 1788 1856 fite
1803 1791 1934 1882 neustr,

457 1887 543 1960 nihil
559 1879 688 1973 tcfeit)
716 1887 794 1982 quio
810 1879 973 1978 genetolio
986 1881 1073 1950 ratio
1094 1876 1267 1948 decidendi
1283 1897 1373 1956 cett,
1397 1901 1435 1948 nr
1455 1897 1522 1950 tort
1534 1881 1709 1972 frequenter
1725 1886 1869 1968 irrorent
1880 1893 1936 1960 eta.

459 1989 531 2062 ririt
556 1983 728 2080 noluitque
759 1983 934 2054 Honorius
960 1973 1156 2050 conferrere
1176 1981 1316 2068 antiquos
1337 1997 1482 2060 unroco,
1513 1981 1658 2072 quinon
1681 1999 1810 2052 tontutn
1835 2009 1936 2056 coron

457 2087 550 2166 laico,
577 2079 632 2153 sed
651 2083 751 2153 etiont
765 2081 934 2174 impliciter
949 2074 1122 2154 nolebtot.
1146 2073 1285 2144 clericor
1298 2071 1341 2142 de
1356 2070 1421 2146 leri
1436 2069 1563 2168 jutoe'e.
1597 2079 1675 2146 Nec
1689 2077 1821 2172 coipso,
1843 2083 1936 2178 qunti

459 2179 633 2278 epteltto
654 2176 712 2251 suo
734 2179 900 2274 occeperit
919 2177 1084 2246 licentiam
1105 2175 1263 2266 litigandi,
1295 2167 1436 2242 cleritut
1456 2169 1581 2268 nisque
1601 2174 1764 2248 ultctiote
1784 2177 1938 2252 conlitltn

459 2283 564 2368 intare
579 2279 723 2375 potetit3
750 2299 825 2348 cunt
848 2271 906 2344 fine
930 2268 1074 2349 dit-ersa,
1103 2275 1242 2360 litigare,
1268 2265 1300 2336 ἀ
1325 2271 1447 2352 intere,
1472 2274 1688 2366 primumque
1710 2269 1776 2346 fine
1792 2271 1937 2358 secundo

458 2375 616 2474 expliciti
631 2397 751 2470 qucot;
776 2373 855 2442 olion
871 2373 922 2446 St.
944 2371 1094 2440 Cononcs
1112 2366 1221 2434 dendo
1243 2365 1373 2434 clericis
1386 2359 1578 2440 fucultatem
1592 2373 1753 2464 litigandi.
1777 2369 1939 2450 dediffcot

458 2497 501 2550 eo
518 2469 591 2572 ipso
608 2473 777 2546 licentiato
786 2471 928 2561 jurandi,
955 2466 1046 2562 quod
1067 2460 1245 2535 obsurdum
1259 2457 1336 2534 clici
1353 2461 1477 2537 dicere.

625 2691 680 2762 53.
708 2667 746 2736 C.
764 2667 874 2756 Quoto
890 2684 970 2736 veto
989 2659 1139 2754 tegoloto
1152 2657 1291 2740 tenebo,
1307 2661 1549 2746 affirmativam,
1562 2659 1613 2732 vel
1629 2663 1835 2756 negativam?
1854 2667 1938 2764 Qi-

459 2765 537 2839 dtm
551 2763 685 2847 dicunt,
711 2768 848 2835 clericum
861 2787 917 2835 non
931 2761 1006 2855 poffe
1014 2761 1081 2852 fine
1093 2760 1138 2848 {ni
1151 2763 1269 2852 prelati
1285 2763 1407 2829 licentia
1415 2764 1542 2849 interr,
1563 2763 1620 2851 nist
1630 2766 1867 2849 attioritamn,
1883 2771 1939 2841 uri

458 2867 657 2959 nettffitototn
666 2866 792 2955 jnranii
808 2861 937 2957 exprtffe
951 2886 971 2931 a
984 2865 1055 2951 jare
1077 2862 1214 2930 canonico
1231 2857 1359 2929 habeor:
1390 2858 1446 2928 olii
1470 2881 1551 2929 tcto
1563 2882 1639 2929 cutn
1655 2863 1875 2937 Panormitano
1889 2862 1938 2939 stt·

459 2958 599 3045 ssineot,
624 2966 723 3057 quot,
744 2958 826 3053 jaste
845 2958 942 3052 troffo
956 2963 1109 3054 exigente,
1135 2960 1190 3027 uel
1200 2956 1419 3048 soirxissente,
1444 2958 1527 3049 poffit
1550 2962 1674 3027 clericos
1692 2960 1753 3042 fine
1769 2966 1940 3055 Superioris

458 3064 582 3135 licentia
597 3085 680 3132 ornnt
690 3064 898 3153 juramentum
921 3057 1076 3149 prestare,
1101 3056 1158 3135 nii
1171 3054 1301 3146 expresse
1316 3079 1335 3123 a
1343 3058 1415 3145 jore
1433 3055 1635 3145 prohibentor.
1653 3060 1695 3127 D.
1714 3057 1801 3131 Noli
1817 3056 1941 3139 sentite

460 3184 538 3233 curn
561 3164 799 3230 Panormitam
831 3177 940 3249 oeque
962 3155 1051 3227 enirn
1079 3157 1192 3225 clericis
1212 3152 1438 3247 juramentum
1460 3148 1507 3223 est
1531 3156 1567 3223 dc
1589 3176 1695 3245 genere
1712 3156 1939 3250 pennulam,

459 3280 498 3327 ut
515 3252 586 3349 ipsc
611 3254 710 3325 dicit:
740 3251 795 3325 sed
817 3251 933 3345 tegulo
959 3249 1168 3323 ecclefiostico
1192 3248 1256 3331 esi,
1289 3256 1426 3322 clericam
1447 3274 1505 3321 non
1528 3253 1632 3321 delete
1648 3256 1779 3341 iuraret
1808 3254 1850 3325 ob
1876 3256 1939 3331 ltee

460 3356 593 3447 exceptio
610 3348 665 3431 fit,
689 3352 768 3437 rifi,
795 3374 860 3419 corn
877 3373 969 3420 taron
984 3352 1016 3418 id
1030 3350 1158 3444 expreffe
1171 3352 1347 3440 permittit,
1372 3370 1404 3419 e.
1424 3372 1457 3439 g.
1473 3371 1511 3419 ut
1524 3348 1663 3420 clericus
1683 3349 1773 3443 jutct
1787 3356 1940 3447 impete·

463 3454 529 3523 toti
549 3446 755 3521 fidelitatem.
776 3448 878 3539 Gloffa
893 3452 925 3518 in
938 3469 1001 3540 cnr.
1023 3450 1214 3517 22.th1.
1232 3472 1262 3537 q.
1284 3470 1316 3529 ς.
1336 3466 1408 3523 out,
1432 3470 1508 3516 cunt
1523 3469 1628 3518 conon
1645 3446 1743 3543 plone
1763 3446 1939 3543 adstringit

464 3548 625 3619 clericum
644 3545 896 3641 odjurtndutn,
922 3569 953 3619 e.
971 3566 1002 3636 g.
1018 3567 1055 3615 ut
1077 3542 1110 3617 se
1126 3567 1248 3641 purget
1270 3540 1370 3638 super
1391 3540 1642 3615 diffamatione:
1678 3570 1743 3617 tan.
1765 3572 1801 3629 ι.
1824 3548 1861 3621 Β
1879 3562 1936 3625 16.

463 3649 515 3717 Π.
535 3672 564 3737 q.
580 3671 614 3727 5.
639 3666 676 3717 ut
699 3644 803 3717 Archi
816 3638 1016 3738 -Episcoput
1036 3664 1111 3714 onte
1133 3640 1361 3738 tcccptiooem
1385 3641 1478 3710 Pollii
1498 3641 1588 3734 juret
1608 3645 1748 3715 Sunttno
1770 3642 1938 3722 Pontifici.

462 3748 537 3836 cop.
557 3774 591 3815 o.
611 3746 648 3812 de
661 3746 743 3812 eleii.
794 3742 959 3835 Quotiens
983 3744 1088 3831 igitur
1101 3738 1314 3810 rcloxtndunt
1336 3734 1381 3809 eli
1398 3737 1523 3833 aliquid
1539 3743 1577 3809 tle
1597 3746 1702 3832 regulo
1718 3766 1776 3811 non
1790 3744 1938 3831 jurandi.

458 3838 525 3913 hoe
543 3840 592 3911 vel
609 3864 702 3909 canon
721 3837 840 3931 aliquit
854 3838 1002 3931 exprtffrs
1016 3834 1132 3917 ficiet,
1154 3859 1211 3908 eut
1223 3836 1354 3932 exprtffa
1370 3842 1492 3907 licentia
1508 3840 1700 3931 Superiutio
1719 3836 1939 3929 ecclesiastici.

462 3936 522 4009 sub
536 3936 628 4030 cujut
648 3934 838 4007 obedientie
859 3935 938 4006 olion
959 3938 1042 4009 vivit
1069 3936 1223 4008 clericus.
1274 3938 1328 4004 Sic
1349 3936 1517 4004 evitantur
1534 3935 1670 4029 prolixe
1694 3936 1938 4023 involutionct.

459 4059 544 4133 quos
566 4036 621 4106 hic
640 4029 766 4104 fuciunt
779 4034 920 4129 antiqui.
940 4038 980 4108 C.
999 4040 1113 4106 Tenes
1130 4054 1232 4125 ergo,
1265 4030 1356 4126 quod
1373 4056 1439 4101 non
1461 4027 1567 4102 solum
1590 4058 1668 4103 tunc
1684 4038 1877 4127 requiretur
1900 4036 1940 4109 li·

462 4136 570 4207 centio
589 4131 739 4220 Preion,
766 4152 842 4203 cunt
855 4135 1064 4223 juramentum
1081 4135 1233 4203 calumnie
1248 4134 1386 4221 gencrale
1401 4126 1621 4224 pttcstonduttt
1635 4128 1728 4211 ellit,
1752 4130 1807 4203 led
1824 4134 1938 4217 etioto.

461 4237 533 4305 tlurn
555 4236 667 4325 queuis
681 4234 743 4300 alia
754 4232 945 4321 jnrntntnto,
970 4254 1044 4325 quae
1059 4232 1092 4301 in
1108 4228 1183 4323 jure
1199 4252 1266 4299 oon
1280 4231 1538 4323 permittuntur,
1564 4227 1614 4300 vcl
1631 4231 1872 4323 precipiuntut
1885 4258 1942 4305 ert·

460 4328 924 4519 llltltlt'tlllttll’
944 4323 1941 4521 illllllllllnllssllllllll‘llllll'}

461 4524 617 4619 provenit
640 4546 679 4592 ex
701 4529 805 4615 regola
825 4526 1010 4617 prohibitiva
1031 4528 1193 4616 generali,
1231 4544 1331 4617 quom
1352 4546 1472 4601 netno,
1503 4519 1561 4593 nist
1579 4527 1635 4592 uel
1659 4522 1718 4614 ipse
1740 4546 1852 4606 tanton,
1885 4524 1939 4597 vel

456 4623 618 4715 prelatos,
642 4618 764 4695 clerico
786 4623 934 4695 tclottec
956 4618 1075 4719 potest.
1123 4621 1233 4713 igitur
1255 4642 1315 4695 nec
1330 4616 1396 4695 fine
1416 4620 1548 4693 licentio
1568 4620 1695 4716 poterit
1714 4620 1856 4697 cleticut
1872 4647 1941 4721 pet

1905 4716 1940 4797 sc
