4784 5550
310 599 313 604 ’
419 567 472 706 '20
797 545 1454 719 ,otest-*intacto
1560 615 1563 620 ·

422 792 543 892 probat
558 788 707 889 diploma
725 788 766 861 de
781 812 833 861 on.
852 793 935 881 976.
961 787 995 857 in
1012 789 1334 860 Hnn'rztcnmrt
1351 797 1439 860 Cone.
1463 796 1568 860 Germ.
1585 795 1689 864 Toni.
1705 791 1750 861 ll.
1781 815 1812 882 p.
1826 796 1910 878 658.

420 885 497 964 cuin
513 894 602 963 enim
625 885 761 985 questio
778 910 872 958 enata
889 881 967 957 esset
986 887 1026 958 de
1043 890 1194 956 Decimio
1215 885 1362 958 Ecclefiae
1378 893 1534 957 Laureae.
1552 885 1605 958 seu
1625 888 1801 960 Poterienli
1817 890 1910 957 debi·
1946 941 1956 956 ,

336 1051 341 1084 ,
420 995 462 1062 tis
481 992 568 1061 inter
582 983 715 1058 anesum
735 980 876 1082 fluvium
894 984 926 1055 dt
941 988 1171 1074 Comagenum
1187 1009 1354 1066 montem,
1378 1009 1494 1057 omnes
1516 987 1548 1054 in
1562 988 1698 1079 Synodo
1714 987 1910 1076 congregati

419 1083 556 1162 tintordi
575 1086 757 1178 respondent
771 1089 803 1154 in
818 1093 909 1154 urtam
926 1087 1002 1152 loom
1016 1087 1160 1151 conivere
1175 1088 1354 1166 sententiam
1371 1090 1488 1175 penitas
1502 1089 1648 1162 videlicet
1663 1110 1697 1153 ac
1713 1088 1916 1154 concinnarint

420 1211 535 1286 ornnem
564 1188 790 1255 dninrotionern
820 1182 905 1272 insra
934 1177 1116 1274 prescriptos
1146 1185 1274 1250 Limites
1305 1183 1388 1264 anes
1421 1182 1513 1265 sinnii
1543 1179 1652 1263 scilieet
1680 1187 1723 1257 ⁴&
1749 1185 1917 1273 cornigeni,

420 1289 531 1356 montis
571 1305 644 1352 ante
680 1287 848 1374 proximam
888 1279 1084 1348 Barbaricam
1115 1279 1169 1358 suo
1208 1281 1347 1367 Dioectſss
1379 1277 1617 1358 devastationem
1651 1284 1684 1348 irt
1722 1283 1836 1348 ditione
1875 1281 1913 1353 δ’

419 1382 565 1477 poteslate
607 1387 640 1451 S.
679 1376 874 1459 Patavie'rtds
912 1377 1042 1461 Ectlesse
1086 1374 1215 1466 diique·
1239 1378 1454 1469 prefidentinm
1501 1376 1705 1468 Episcoporum
1746 1379 1781 1451 sd
1816 1375 1913 1466 sciffo

422 1484 457 1556 sd
491 1480 588 1549 adlouc
619 1481 687 1564 p'rcre
722 1473 778 1565 effe
816 1473 946 1553 debere,
997 1476 1053 1542 dat
1082 1493 1206 1543 tontum
1239 1496 1361 1564 excepto
1391 1478 1611 1556 decimatione,
1653 1498 1743 1566 quarn
1775 1475 1812 1542 ab
1839 1478 1911 1544 aliis

420 1575 630 1667 Ectsefiasdr'cis
661 1572 870 1665 possesstnibus
901 1596 941 1639 ex
970 1574 1132 1640 Dominica
1167 1577 1351 1665 pertinentia
1381 1574 1422 1640 ad
1457 1591 1575 1661 portem
1606 1572 1675 1655 usus
1706 1574 1812 1662 ulique
1843 1593 1912 1641 ten·

422 1675 483 1760 sotir
517 1677 612 1751 dari,
657 1672 692 1745 ed
725 1692 790 1738 eam
821 1689 971 1750 tanturn,
1013 1691 1104 1759 quant
1129 1693 1168 1736 ex
1192 1674 1319 1758 antiqua
1352 1693 1454 1759 regum
1486 1669 1689 1759 munificentie
1715 1668 1828 1758 tenplat
1853 1668 1910 1758 essa
1944 1662 1952 1668 ⁸

422 1775 582 1844 traditam.
607 1760 696 1838 cons.
718 1765 773 1840 l.c
801 1788 836 1861 p.
865 1772 947 1842 668.
973 1763 1005 1835 dt
1029 1768 1062 1833 in
1086 1764 1272 1858 diplomate
1293 1766 1333 1835 de
1359 1791 1410 1835 nn.
1444 1771 1547 1836 1062.
1563 1765 1651 1857 opud
1669 1769 1908 1859 Melenos.-

421 1888 540 1942 n'sscn
556 1869 589 1935 in
603 1864 669 1944 oter.
691 1865 815 1955 Fridng.
829 1866 933 1932 Tom.
952 1865 978 1932 l.
994 1886 1027 1956 p.
1051 1886 1131 1951 273.
1148 1859 1316 1955 sequentia
1338 1882 1541 1933 occurrunt:
1576 1887 1632 1951 quo
1649 1864 1741 1950 finito
1761 1866 1910 1932 communi

421 1967 534 2058 offensu
551 1964 706 2051 utrobique
728 1963 903 2031 Laudaturt
917 1961 975 2046 eps,
991 1963 1038 2033 t&
1053 1963 1199 2051 quidquid
1220 1965 1400 2030 declinarant
1430 1962 1545 2030 Arclri·
1559 1959 1729 2053 Episcopus,
1762 1964 1844 2050 tup'us'
1856 1983 1920 2053 pm,

422 2066 523 2137 roobia
545 2065 581 2140 sd
604 2063 745 2149 Regimen
770 2056 940 2151 Episcopale
973 2058 1056 2146 insta
1078 2062 1283 2149 prediiiarum
1308 2058 1502 2142 E‘ctlefiarum
1525 2063 1749 2127 terminationes
1766 2082 1785 2126 a
1802 2062 1909 2150 populo

423 2163 538 2253 exigit,
561 2161 596 2246 t)
626 2160 683 2232 Vei
702 2154 888 2248 imposterum
904 2160 1023 2246 exigere
1044 2160 1161 2248 potuit,
1187 2159 1208 2224 d
1216 2156 1233 2245 )
1261 2164 1325 2227 Hac
1348 2159 1378 2225 in
1396 2159 1472 2224 duas
1493 2157 1656 2224 dividetur
1672 2175 1792 2245 partes,
1816 2178 1917 2245 quant

351 2331 353 2335 .
421 2283 483 2332 nna
496 2252 759 2347 Archi-Episcopo
780 2254 977 2349 Juvavicnd
999 2249 1289 2346 (salisburgensi)
1305 2258 1368 2324 alie
1394 2252 1572 2343 Frifingenfi
1584 2254 1780 2344 persolvatur
1802 2255 1909 2322 Ponti·

417 2358 489 2453 piel,
521 2372 643 2441 excepta
672 2356 876 2420 Decimatione
895 2353 1086 2440 prediorum,
1121 2374 1182 2439 que
1202 2369 1267 2418 tum
1291 2355 1431 2441 temporis
1453 2354 1484 2417 in
1505 2350 1652 2419 Liburnia
1675 2349 1777 2432 stolia
1798 2350 1911 2438 Frtfin·

419 2453 517 2550 gendo
533 2452 649 2543 possidet
665 2448 809 2532 Eccleso,
834 2470 925 2536 quarn
946 2444 1099 2538 Episcopus
1117 2447 1308 2539 Frofingenfis
1320 2448 1382 2533 fine
1398 2450 1532 2537 portione
1548 2453 1696 2539 integram
1711 2451 1844 2526 detinet,
1871 2450 1910 2522 so·

422 2551 541 2647 pistore
555 2569 619 2617 tree
631 2543 799 2636 prescripto
820 2542 949 2626 Ecclefie
962 2569 982 2612 o
995 2546 1098 2634 populo
1122 2550 1255 2635 Longius
1269 2566 1380 2613 remoto
1394 2548 1519 2613 viarum
1543 2548 1746 2636 longitudine
1763 2547 1798 2619 sd
1819 2549 1911 2613 itine-

423 2654 468 2720 ris
483 2646 661 2730 difficultate
677 2641 766 2725 sarilo
788 2665 846 2709 non
860 2642 960 2732 posset
976 2642 1117 2728 vistrari,
1145 2666 1231 2712 nove
1251 2644 1292 2711 ibi
1312 2667 1331 2712 a
1356 2644 1483 2728 Presule
1503 2642 1628 2733 Frisng.
1652 2645 1912 2728 constitutionem

425 2749 461 2822 id
482 2746 670 2814 ordinatiane
698 2738 950 2832 Arrii-Episcopi
971 2740 1153 2828 adoptentur
1174 2743 1238 2815 &n
1260 2740 1386 2833 puriter
1413 2736 1530 2810 seculo
1560 2742 1636 2811 Xll.
1661 2742 1694 2809 in
1725 2742 1913 2811 Germania

424 2836 676 2941 septentrionali
697 2831 843 2907 fundate
872 2833 1022 2907 Eccleliae
1044 2836 1205 2931 cathedr.
1227 2862 1291 2931 pro
1321 2837 1491 2908 dotatione
1512 2836 1705 2918 :retuterunt
1732 2839 1932 2919 Decimus

337 2992 341 3001 =
424 2961 529 3039 prout
550 2940 583 3007 in
601 2934 709 3030 specie
735 2936 776 3006 de
792 2932 1049 3026 Roceburgenst,
1077 2933 1306 3006 lubecensi&
1331 2931 1535 3006 vacrinenst
1558 2933 1700 3020 constet,
1725 2930 1812 3006 cons.
1834 2938 1909 3004 En·

424 3056 566 3112 nesti
599 3038 834 3130 Joncntnrt
871 3054 926 3101 nn
965 3039 1291 3103 Wnsccnnnnn
1316 3054 1497 3103 monument.
1524 3037 1631 3104 inedie.
1656 3059 1713 3102 rer.
1726 3058 1822 3126 germ.
1838 3056 1910 3121 pre·

376 3155 380 3162 '
425 3144 509 3230 cipue
527 3133 792 3205 Crmlorieorrtm&
817 3133 1079 3221 Megapolenstum
1099 3135 1145 3199 T.
1172 3134 1215 3202 ll.
1241 3157 1277 3227 p.
1306 3144 1407 3218 ¹998·
1431 3129 1496 3222 seq.
1521 3129 1551 3198 ἃ
1575 3132 1788 3202 Scllsstntt
1810 3136 1910 3201 Anti·

425 3239 560 3327 quitares
588 3229 726 3313 Weiffite
755 3230 788 3294 in
815 3222 951 3295 historin
980 3229 1122 3297 Hentici
1145 3231 1266 3298 Leonis
1291 3231 1435 3300 Bavoriae
1465 3226 1667 3299 &saxonie
1687 3228 1809 3307 Ducis,
1847 3230 1910 3320 qui

423 3323 663 3428 predisiotum
684 3319 844 3394 fundator
859 3319 924 3393 fuit
946 3319 1173 3394 Ecclestorum.
1224 3329 1266 3397 Et
1288 3330 1322 3396 in
1338 3327 1522 3422 diplomate
1538 3322 1742 3396 fundationis
1769 3322 1910 3419 Episco-

425 3450 525 3523 patus
550 3419 809 3512 Rozebntgenlis
833 3421 876 3491 de
901 3446 952 3489 nn.
981 3432 1085 3510 1158.
1107 3421 1197 3517 opud
1220 3428 1547 3496 Wesrntinnssn
1574 3423 1595 3495 l.
1621 3447 1649 3495 e.
1674 3449 1708 3519 p.
1733 3449 1837 3515 2032.
1861 3427 1909 3492 ait

424 3521 606 3598 fundator:
646 3525 753 3591 Omnis
767 3523 845 3590 enim
867 3522 979 3589 decime
996 3543 1049 3610 per
1071 3539 1171 3590 toturn
1197 3521 1402 3614 Episeopctum
1423 3526 1464 3592 ad
1486 3526 1654 3614 Episcopum
1672 3527 1822 3613 pertinet,
1854 3543 1912 3590 nec

340 3692 343 3697 .
425 3647 480 3697 not
493 3626 549 3692 vel
563 3624 672 3711 eliquit
687 3639 947 3709 quantumcunque
970 3638 1073 3707 potent
1087 3621 1157 3688 inde
1174 3626 1264 3690 valet
1283 3626 1412 3711 aliquem
1432 3620 1657 3707 inbeneficiare,
1689 3621 1746 3703 nis
1762 3625 1792 3687 in
1813 3642 1909 3710 quan·

330 3766 333 3773 ·
425 3741 493 3793 turn
512 3719 601 3787 balet
615 3719 651 3784 al
668 3717 817 3807 Episcopo.
865 3711 968 3785 Hisce
989 3714 1121 3809 ptaeviis
1142 3716 1175 3785 in
1199 3718 1317 3787 eodem
1332 3719 1515 3813 diplomate
1537 3717 1692 3809 parochis
1708 3711 1909 3804 assignantur

426 3843 465 3890 ex
484 3810 630 3887 censibus
658 3814 697 3882 de
715 3815 832 3904 quotis
848 3837 933 3883 unco
952 3835 1049 3882 tecrae
1070 3811 1138 3882 duo
1151 3819 1279 3885 nummi
1295 3816 1467 3887 &tertius
1483 3815 1613 3883 modius
1639 3814 1803 3905 Siliginis,
1829 3836 1909 3882 con·

426 3914 604 4008 sequenter
629 3910 711 3981 nihil
729 3911 770 3981 de
785 3908 922 3979 decimis
938 3934 946 3993 3
982 3910 1112 3980 Deinde
1128 3916 1261 4006 pergit:
1285 3915 1436 4006 posquam
1456 3934 1558 3982 autem
1580 3916 1687 3982 Slcois
1702 3916 1802 4001 ejedlis
1824 3934 1916 3981 terra

427 4016 580 4084 decimalis
590 4009 677 4101 salia
690 4007 808 4098 suerit,
830 4011 945 4077 decima
964 4028 1031 4078 tota
1051 4012 1178 4081 vacabit
1200 4009 1354 4105 Episcopo,
1386 4017 1436 4102 qui
1458 4034 1524 4077 tum
1552 4013 1679 4077 Domino
1689 4012 1783 4099 fundi
1804 4012 1840 4078 de
1857 4015 1909 4081 dr·

381 4180 387 4191 ,
427 4111 509 4182 tibus
529 4128 597 4201 ager
620 4104 814 4193 Ecclefiarum
837 4104 1075 4197 parocloieliumr
1186 4111 1292 4178 damus
1316 4113 1411 4178 eidem
1432 4106 1675 4197 Raecnlurgend
1697 4108 1834 4200 Episcopo
1857 4158 1909 4181 ...

428 4231 529 4278 omnes
549 4204 688 4288 Ecclesas
704 4206 734 4269 in
756 4223 841 4272 terra
865 4209 976 4275 Buttin
1058 4206 1092 4279 sd
1114 4207 1257 4291 Eccledas
1274 4210 1371 4276 adduc
1391 4211 1421 4274 in
1440 4209 1528 4294 spina
1555 4204 1728 4285 fundandae
1745 4227 1797 4294 per
1811 4222 1917 4273 totam-

303 4336 308 4347 ·
428 4304 678 4384 sadelbandiam,
705 4302 739 4378 ὅ
761 4304 951 4395 ingamrtra,
976 4305 1010 4379 sd
1033 4305 1065 4374 in
1080 4299 1171 4394 sylva
1191 4306 1316 4375 necdum
1336 4309 1417 4375 tulto
1434 4300 1576 4388 Ecclefias
1598 4303 1778 4395 &ejusdem
1804 4304 1910 4372 Saded·

1799 4400 1914 4470 landie

450 4565 503 4651 a)
520 4559 595 4628 Non
617 4563 776 4644 parochus
800 4563 965 4645 exigebnt.

365 4748 369 4755 .
468 4698 506 4781 d)
527 4696 655 4765 Scilicet
675 4717 718 4761 ex
738 4698 921 4765 novahbue.
980 4782 982 4787 Ι
1119 4717 1123 4725 ’

388 4808 525 4874 ,Δ
