4784 5550
456 655 505 739 ⁶3
916 632 1524 716 otsscucarro-

459 831 602 904 nimirum
618 828 702 899 [oiri
720 827 757 897 dc
771 819 906 916 Ecclesia
919 825 992 896 leae
1007 826 1110 898 moriri
1128 843 1201 896 aare
1220 827 1393 896 Concilium.
1405 829 1551 897 Lorerm
1574 825 1705 919 ejusaem
1726 825 1856 914 Eccicsso
1876 849 1949 899 oon·

460 929 575 1022 roffiooe
590 929 620 994 io
636 926 759 1009 feudum
771 944 944 1018 perperatur
959 925 1139 1018 poffileodas
1151 944 1343 1015 acceperoocr
1369 947 1542 1016 quecunque
1559 947 1637 996 noar
1645 927 1823 1020 poffidcaror
1834 951 1856 995 a
1870 931 1947 998 tat·

458 1031 526 1196 liz
540 1021 1654 1192 &illicilum&illidito:illudcludi
1662 1022 1733 1191 lii
1753 1021 1948 1192 {illul}

457 1219 526 1292 lam
543 1241 620 1289 tunc
642 1213 736 1288 suillo
754 1217 795 1288 de
813 1168 986 1312 Epildopia
1009 1141 1214 1285 dicimorum
1231 1210 1460 1310 pollellocibus
1483 1217 1535 1288 vel
1557 1213 1657 1288 hosce
1679 1143 1944 1312 ceppraesenronti·

457 1316 521 1389 buo
542 1313 755 1410 questionem
780 1313 832 1384 vel
856 1309 1129 1394 controversiam,
1154 1309 1209 1384 sed
1233 1312 1274 1384 de
1295 1314 1403 1383 Laicis
1420 1314 1629 1410 Principibus
1649 1314 1794 1386 deciman
1816 1311 1944 1387 Eccles.

458 1417 501 1488 de
517 1410 606 1485 faido
622 1409 875 1508 poffidentibua,
902 1409 1031 1482 &alios
1048 1410 1165 1480 Laicos
1181 1434 1256 1480 cum
1273 1408 1351 1506 ipsos
1365 1405 1628 1494 insonantibus,
1653 1413 1784 1506 partim·
1800 1411 1945 1508 plurimi

459 1514 651 1587 Getmoniae
667 1505 822 1606 Episcopi
837 1510 1052 1579 Decimacum
1069 1503 1260 1603 polielsotes
1275 1508 1327 1578 vel
1345 1511 1483 1578 Domini
1497 1505 1616 1580 direbli
1642 1512 1772 1582 ratione
1784 1510 1943 1582 Decime·

455 1634 534 1684 rum
551 1612 584 1680 in
600 1602 738 1680 feudum
763 1602 987 1677 cancellatum
1006 1601 1167 1701 praediuo
1190 1606 1343 1678 Concilio
1370 1611 1520 1677 Lateran.
1536 1601 1767 1688 interfuerint,
1793 1609 1853 1701 qui
1875 1603 1943 1679 suia

453 1707 489 1782 se
508 1704 650 1800 suosque
666 1701 812 1775 vasallos
827 1697 1037 1774 facultatibus
1060 1701 1093 1773 dr
1120 1701 1215 1772 bonis
1231 1699 1457 1774 Eccleliallicis
1481 1707 1554 1775 erui
1577 1727 1745 1798 nunquam
1765 1699 1944 1800 permiliil'·

453 1805 544 1887 sent3
569 1803 720 1897 adeoque
741 1824 944 1896 comparum
967 1799 1067 1872 hodie
1083 1800 1238 1896 parochia
1258 1803 1291 1870 in
1313 1803 1496 1873 Germania
1517 1795 1701 1895 presertim
1722 1804 1758 1872 in
1779 1804 1943 1896 petitorio

455 1927 495 1976 ex
512 1899 653 1973 textibus
674 1897 749 1969 solis
770 1898 899 1970 duobus
917 1897 969 1969 ocl
989 1894 1096 1968 tribua
1113 1897 1329 1971 decretalium
1350 1897 1451 1968 aliurn
1475 1895 1573 1968 finem
1589 1897 1787 1970 habentibus
1812 1899 1951 1992 adjudi-¹

455 2001 524 2074 cori
548 1992 680 2094 poliunt
703 1999 849 2067 Decima
871 1995 1022 2076 novales,
1048 2019 1148 2088 quam
1173 2019 1292 2089 porum
1316 1992 1393 2088 ipse
1415 1995 1551 2068 decime
1571 1993 1804 2078 Universaler,
1837 2021 1942 2092 quatu

305 2119 309 2126 ·
482 2120 577 2167 atum
592 2093 727 2167 decimae
772 2092 955 2179 erlonalea,
980 2093 1275 2174 hlolendinorum,
1299 2089 1468 2164 &limilea
1483 2093 1559 2166 licet
1576 2095 1609 2164 in
1631 2093 1749 2166 iisdem
1767 2093 1942 2168 decretali·

453 2123 518 2266 iius
533 2192 691 2292 parochis
708 2118 867 2284 alligante
883 2191 923 2262 iis
940 2190 1121 2284 adjudicari
1146 2185 1293 2286 poliunt,
1320 2189 1467 2356 deppam
1487 2215 1605 2286 parum
1622 2189 1789 2358 Episcppo
1805 2215 1864 2278 4co
1886 2192 1945 2266 de·

452 2296 617 2364 cimanum
643 2290 719 2363 licet
735 2292 863 2386 pariter
884 2286 993 2360 eidem
1012 2287 1087 2382 jure
1111 2286 1326 2359 decretalium
1352 2312 1368 2356 a
1396 2311 1466 2359 erta
1484 2289 1664 2383 adjudicari
1677 2313 1723 2384 po
1750 2311 1803 2372 et;
1828 2287 1942 2364 seduc

452 2390 595 2489 parochi
616 2386 848 2483 Competeutia
869 2382 923 2455 lua
944 2382 1096 2480 pastorali
1118 2380 1287 2476 affignam
1329 2381 1351 2454 sc
1374 2381 1536 2468 sufficiens
1559 2383 1614 2467 sn,
1631 2389 1667 2476 l)
1692 2389 1840 2458 contenti
1858 2385 1941 2472 litat,

453 2482 580 2560 necesse
600 2483 665 2568 est,
689 2480 930 2577 consequenter
944 2480 1108 2577 quidquid
1127 2486 1160 2551 in
1175 2479 1329 2554 uniuerso
1345 2506 1489 2578 corpore
1501 2486 1594 2579 Juria
1613 2487 1770 2556 canonici
1789 2483 1831 2554 de
1852 2489 1949 2582 Jure

451 2581 680 2684 parochorum
703 2579 743 2651 ad
762 2579 906 2651 decimat
930 2600 996 2649 tom
1017 2577 1216 2652 universales
1237 2589 1337 2674 quain
1361 2581 1511 2653 Novalca
1527 2580 1668 2662 dicitur,
1694 2583 1728 2651 in
1752 2582 1941 2656 Germania

452 2674 1065 2871 tillidi?,dulcidio
1083 2671 1966 2872 lilllssmsslh.‘Sutili‘l‘u‘lli’nlsslt‘

450 2875 494 2951 ad
510 2875 654 2948 decimas
671 2872 870 2946 univcrlalea
886 2896 1054 2967 nunquam
1068 2868 1289 2969 compendio,
1316 2873 1423 2945 multo
1440 2876 1549 2944 minua
1568 2872 1710 2970 amplius
1726 2876 1862 2966 rigere,
1881 2872 1940 2949 sed

450 2974 519 3049 illis
533 2997 688 3065 congrua
704 2973 779 3043 loco
794 2972 920 3045 reditus
935 2971 1016 3042 alioa
1033 2970 1084 3043 uel
1100 2971 1305 3043 decimarum
1320 2994 1448 3065 partem
1464 2966 1598 3055 achille,
1624 2970 1709 3041 adeo
1731 2995 1768 3043 ut
1783 2974 1940 3067 ineptum

449 3070 559 3154 foret,
579 3070 600 3142 fi
620 3072 787 3142 Parochua
803 3070 905 3141 hodie
921 3068 1067 3163 Capituli
1086 3095 1141 3156 ²9·
1161 3070 1201 3139 X.
1227 3071 1380 3139 decenn.
1398 3066 1576 3159 Regulam,
1601 3073 1679 3159 quod
1690 3075 1837 3162 perceptio
1855 3075 1939 3141 deci·

449 3173 624 3245 maamad
643 3171 824 3258 parochiales
847 3168 989 3253 Ecclefias
1011 3170 1048 3235 do
1066 3173 1147 3264 Jore
1171 3171 1326 3239 Communi
1347 3169 1509 3260 perriooar.
1561 3166 1736 3259 Allegare,
1770 3166 1941 3265 &Judex

449 3264 630 3341 fecundum
648 3266 718 3335 haec
735 3259 834 3335 uerba
855 3284 1148 3358 quantumcunque
1168 3262 1256 3333 clara
1275 3262 1425 3356 judicare
1441 3263 1547 3337 uellet.
1598 3264 1641 3355 a)
1665 3266 1754 3430 (im
1777 3266 1938 3360 capitula
1970 3260 1981 3277 ⁶

450 3357 1939 3553 {dulillodudm“qlialh'iilllli'lillaliliud⁶2322⁸i:

895 3509 906 3541 r
1741 3502 1754 3542 9

448 3556 671 3636 fundamento
686 3558 750 3628 hoc
764 3575 960 3636 corruente,
986 3557 1085 3626 etiam
1101 3553 1211 3650 quoad
1226 3553 1356 3625 novalia
1368 3578 1529 3627 corruunt
1543 3559 1699 3626 Decime.
1729 3558 1782 3628 Sic
1795 3484 1935 3639 &adcor

483 3685 511 3730 i.
536 3657 567 3727 da
596 3682 651 3748 3²·
680 3659 906 3726 couciaco
930 3642 1222 3725 naamanin·
1241 3651 1283 3722 de
1304 3676 1356 3723 an.
1385 3656 1541 3746 1255.c)
1580 3651 1639 3743 (ad
1662 3677 1748 3747 quos
1771 3668 1938 3750 provocat

449 3684 680 3827 haereatur
704 3754 864 3821 maximus
884 3750 1109 3843 parochorum
1134 3745 1263 3830 fautor,
1292 3748 1397 3845 &qui
1415 3750 1539 3820 conditi
1563 3745 1699 3821 fuerunt
1725 3754 1758 3820 in
1774 3750 1934 3825 Concilio

449 3848 650 3925 Provinciali
665 3872 728 3942 pro
745 3870 839 3939 potae
855 3846 972 3918 Galliae
991 3872 1050 3919 nec
1067 3850 1100 3917 in
1121 3851 1252 3940 Corpus
1268 3849 1359 3939 Juris
1375 3850 1455 3917 Con.
1469 3848 1583 3928 relati,
1608 3842 1849 3944 consequenter
1870 3875 1935 3925 nee

448 3952 510 4050 Jus
523 3969 700 4019 commune
715 3941 858 4036 faciunt)
873 3947 1078 4039 premittunt
1092 3946 1255 4015 racionem
1270 3942 1459 4015 decidendi:
1484 3949 1576 4024 „lion
1589 3968 1640 4037 per
1656 3952 1798 4017 cononica
1807 3947 1936 4040 statura

449 4050 601 4135 „Decima
622 4045 663 4111 ad
681 4045 862 4134 parochiales
883 4044 1024 4125 Ecclefios
1042 4049 1192 4138 pertinere
1212 4040 1382 4123 noscantur.
1438 4044 1480 4111 Et
1503 4046 1643 4131 capitula
1668 4068 1724 4125 ao.
1749 4041 1782 4114 dt
1809 4070 1867 4137 30.
1895 4052 1935 4120 do

448 4148 600 4227 Decimio,
623 4139 699 4212 ideo
715 4139 869 4237 parochia
884 4139 1028 4213 decimat
1048 4138 1181 4213 novales
1199 4133 1372 4231 allignant,
1396 4143 1468 4232 quia
1489 4141 1620 4237 dejure
1633 4145 1779 4211 coruncani
1798 4148 1934 4216 omniurn

560 4274 567 4283 ·
1782 4263 1934 4335 perceptio

489 4388 532 4471 b)
555 4381 588 4449 Si
612 4385 694 4448 etaim
724 4402 790 4446 non
812 4379 887 4445 ell'et
903 4379 1081 4451 sufficiens,
1112 4396 1207 4462 agere
1230 4378 1355 4461 poliunt
1377 4377 1493 4462 semper
1511 4381 1641 4525 parochi
1664 4384 1700 4443 ad
1729 4383 1932 4469 supplemen-

563 4476 631 4527 tum
663 4479 773 4529 contra
806 4466 898 4537 illoa,
935 4464 988 4545 qui
1015 4464 1052 4523 ad
1074 4461 1327 4525 sustentationem
1354 4462 1484 4527 l'arochi
1525 4477 1580 4526 uut
1604 4464 1761 4534 obstricti.
1801 4471 1856 4532 vel
1889 4474 1930 4537 ab

463 4596 465 4603 .
561 4544 721 4628 Episcopo
741 4548 870 4630 desuper
892 4542 968 4606 ellat
986 4542 1062 4619 prol
1079 4545 1267 4617 luendum,-
1283 4562 1348 4605 non
1368 4554 1473 4609 autem
1495 4542 1621 4628 poliunt
1641 4548 1768 4630 precise
1786 4562 1930 4635 praeten-

416 4662 421 4670 ·
563 4629 637 4692 dere
660 4627 805 4693 Decimae
825 4639 935 4691 contra
954 4627 1036 4689 allos
1056 4564 1219 4707 legitimos
1241 4624 1435 4708 pollellorea.

485 4750 522 4830 o)
540 4744 590 4815 Do
607 4765 672 4832 quo
686 4743 773 4815 conf.
789 4746 1014 4815 mamona
1036 4742 1173 4814 Neron.
1187 4745 1222 4812 in
1236 4742 1317 4833 Host.
1340 4744 1447 4831 Eochfi
1460 4742 1555 4815 ron.
1573 4742 1646 4816 vu.
1667 4766 1698 4831 p.
1716 4746 1788 4833 167.
