4784 5550
482 637 557 718 ur
573 599 747 752 oraru.
767 575 938 712 nonus
958 632 1182 714 ravorrs
1205 631 1399 714 accurs.
1420 633 1726 722 snaocssraa..
1742 601 1810 724 εἰς.
1827 641 1898 738 3⁶,

424 817 546 896 'abrica
574 816 637 894 stre
655 817 694 890 ad
722 825 969 915 reparationem
997 813 1216 890 Ecclesiarum
1241 814 1474 891 contribuendi
1494 845 1534 893 ex
1557 828 1631 916 cap.
1654 845 1683 893 r.
1704 813 1838 912 aleidis.
1859 821 1897 898 δ’

424 943 513 1090 equs.
533 921 686 1088 [paleriis.
704 915 760 1088 usbi
779 911 1174 1085 lquefieidihdccpplialqici
1192 917 1328 1084 nprnaine
1336 941 1426 1084 quq
1451 913 1897 1090 Mitpsleriassliqclseliallicpq

424 1043 443 1094 e
507 1042 591 1090 eus
628 1039 698 1088 tum
739 1039 795 1089 ec.
863 1039 911 1088 .a
961 1039 1002 1086 uc
1053 1037 1189 1087 enecta
1236 1040 1244 1084 t
1281 1039 1299 1084 s
1386 1038 1495 1086 rcrsrn
1537 1039 1613 1095 onts
1663 1039 1852 1088 caesarum

424 1119 559 1192 Jecimis
577 1059 753 1186 cdrtllituaa
771 1113 912 1206 intelligi
931 1109 1065 1185 consloc.
1118 1108 1282 1184 Beneficia
1301 1063 1383 1184 dero
1409 1110 1628 1187 Ecclefiailica
1646 1115 1681 1185 in
1698 1113 1898 1186 hodiernam

424 1209 555 1288 branam
573 1213 683 1286 ereda
696 1234 733 1281 ea
751 1213 933 1282 etiamnum
948 1235 1025 1283 aeras
1048 1207 1235 1302 ignorabat.
1285 1211 1393 1282 Porro
1409 1209 1476 1282 boc
1493 1211 1687 1310 Capitulum
1703 1235 1742 1284 ex
1761 1214 1899 1308 Capitu-

424 1313 534 1386 bribus
563 1309 775 1404 desumptum
798 1309 909 1380 autin
936 1307 1089 1382 Concilio
1111 1307 1318 1400 Moguntioo
1341 1305 1511 1402 allegato,
1534 1309 1626 1406 quod
1648 1332 1713 1406 pro
1739 1307 1898 1382 laudabili

424 1407 605 1486 baulorum
622 1407 759 1480 illorum
774 1430 869 1479 more
885 1403 977 1478 fimul
1001 1407 1144 1502 imperii
1160 1409 1351 1479 Conventus
1363 1401 1494 1493 suerat,
1514 1406 1687 1480 conditum
1703 1401 1815 1490 fuisse,
1830 1409 1899 1478 Hi·

424 1505 508 1582 lori·
528 1506 637 1584 docet.
689 1499 848 1576 Refertur
868 1507 958 1576 enim
978 1503 1224 1599 capitularium
1238 1501 1314 1580 Lib.
1324 1509 1368 1581 V.
1383 1507 1422 1576 C.
1439 1527 1499 1600 92.
1554 1504 1648 1576 idem
1674 1503 1895 1578 decreverunt

424 1605 559 1682 saucilis
573 1603 724 1699 ejusdem
743 1605 831 1675 Anni
848 1603 1066 1679 Dcccxlll.
1089 1597 1282 1676 Arelatense
1300 1606 1360 1676 Vl.
1386 1604 1468 1677 Can.
1486 1625 1542 1698 25.
1557 1600 1591 1675 dr
1607 1601 1808 1676 Turonense
1825 1605 1889 1684 lll.

424 1705 492 1780 sm.
510 1711 569 1800 46.
591 1700 664 1780 Lib.
682 1704 710 1772 l.
727 1700 912 1796 capitular.
936 1705 1115 1773 Cnaour
1139 1703 1191 1772 M.
1209 1701 1292 1796 Cap.
1314 1709 1394 1794 136.
1420 1703 1523 1774 Cone.
1543 1699 1717 1776 Meldense
1735 1703 1816 1776 Can.
1832 1709 1891 1781 aa.
1942 1711 1945 1716 '

442 1823 487 1874 au
508 1802 656 1874 antesin
679 1797 832 1870 Concilio
854 1795 1142 1872 Francosordiensr
1160 1796 1203 1870 de
1226 1805 1290 1873 An.
1313 1801 1593 1880 DCCLXXXlV.
1618 1802 1701 1878 Can.
1722 1807 1780 1874 26.
1798 1799 1890 1898 apud
1996 1839 2001 1848 ·

449 1919 561 1974 auuz
573 1919 582 1970 ι
595 1918 656 1971 usa
673 1901 777 1968 Tom.
794 1901 821 1975 1.
840 1898 986 1993 Capitol.
1004 1924 1038 1995 p.
1058 1904 1140 1986 267.
1157 1899 1258 1986 etiam
1282 1895 1388 1970 relato
1405 1919 1538 1970 cautum
1556 1920 1645 1980 erat,
1664 1919 1700 1970 ar
1715 1902 1819 1971 damas
1834 1903 1891 1971 Er.

424 1999 563 2086 defluam
579 1997 615 2075 [d
632 2015 805 2090 tegumenta
821 1996 860 2064 ai
873 2004 915 2065 eis
927 1997 1007 2082 fiant
1024 1997 1259 2067 emendationes
1276 1995 1466 2088 restaurare,
1488 2001 1539 2090 qai
1557 1997 1698 2090 benefitia
1712 2001 1822 2069 exinde
1837 1999 1897 2066 lu·
2015 2061 2018 2067 .

424 2091 492 2170 lert.
540 2091 783 2194 Conspirarunr
797 2094 830 2163 in
851 2091 990 2166 condem
1006 2090 1202 2166 sententiam
1219 2090 1251 2163 dr
1271 2093 1334 2164 alia
1357 2093 1564 2189 capitularia
1582 2090 1792 2190 polleriora,
1816 2117 1893 2191 quae

424 2189 695 2276 consecrationem
717 2185 934 2264 Ecclesrarum
954 2191 986 2263 dr
1007 2186 1244 2262 Ministrorum
1268 2187 1534 2264 sustentationem
1559 2187 1766 2264 Beneficiatis
1784 2195 1893 2264 Secu·

424 2283 533 2364 bibus
555 2288 737 2363 identidem
757 2287 973 2362 inculcarunt.
1026 2292 1064 2358 ln
1080 2287 1330 2382 capitularibus
1348 2293 1521 2362 Lusor.
1541 2291 1615 2362 Ριι
1632 2293 1716 2386 Cap.
1730 2313 1787 2378 40.
1800 2288 1892 2388 apud

424 2385 695 2466 sturnorum
720 2385 794 2458 Ltb.
811 2389 838 2460 l.
860 2409 891 2463 c.
906 2410 962 2477 35.
982 2385 1015 2458 dr
1032 2389 1198 2460 Bnuuz.
1221 2387 1292 2458 Lib.
1308 2391 1370 2466 lv.
1395 2385 1543 2482 Capitul.
1561 2412 1589 2464 c.
1610 2409 1670 2474 40.
1694 2387 1784 2458 idem
1803 2411 1892 2485 quo·

424 2505 474 2582 qoe
491 2481 695 2580 regullaaum
716 2483 749 2556 dr
769 2484 831 2555 hoc
854 2507 938 2556 onus
959 2489 1051 2579 Vaffis
1072 2489 1173 2578 Regiis
1198 2481 1396 2578 injunslum.
1446 2493 1604 2581 Aequum
1623 2485 1713 2558 enim
1728 2507 1819 2569 crat,
1837 2506 1892 2574 uc,

424 2588 465 2682 qui
490 2584 667 2658 commoda
681 2587 767 2680 Jure
783 2579 996 2656 beneficiario
1016 2607 1056 2656 ex
1078 2578 1483 2682 Ecclefiispercipcreot,
1506 2583 1641 2659 casdem
1664 2607 1801 2684 quoque
1822 2580 1893 2671 sarq

424 2699 458 2760 aa
472 2683 578 2760 reiias
592 2679 836 2756 confutarent.

522 2822 578 2891 De
601 2811 756 2909 negleblu
776 2840 857 2889 sero
878 2815 1054 2911 utriunque
1071 2811 1287 2909 obligationis
1315 2812 1485 2911 conquesti
1500 2810 1576 2889 suna
1600 2820 1713 2888 Patres
1735 2818 1768 2887 in
1785 2818 1891 2893 Cone.

424 2912 569 2993 lenensi
579 2915 622 2987 de
635 2923 701 2987 Au.
714 2917 957 2989 Dccexuv.
975 2917 1047 3027 Cap
1081 2939 1135 3028 ¹.²‘
1154 2911 1243 3026 apud
1261 2916 1427 2986 Baros.
1447 2916 1553 2986 Tom.
1570 2914 1761 3029 aqcapitul.
1795 2915 1892 3027 idem

424 3016 839 3204 lllilllllrssii
864 3006 1895 3191 ,1111111233111ῑὲ111ὴὲῖέὛέ’ἓὲξῑὲῑέἐέἷῖ

424 3214 762 3283 snosrassruus
784 3207 842 3299 a),
867 3206 1023 3302 idemque
1035 3210 1226 3278 continuam
1246 3202 1489 3301 Episcopocum
1505 3209 1539 3277 in
1555 3207 1753 3279 renovandis
1768 3204 1892 3281 &con-

424 3304 579 3385 'errandis
598 3305 764 3403 ejusmodi
785 3305 1046 3399 obligationibus
1063 3328 1178 3378 curam
1199 3304 1233 3376 dt
1254 3302 1448 3376 indullriam
1465 3302 1613 3378 recenset
1628 3306 1664 3397 b)

527 3460 665 3529 Natura
691 3454 795 3527 heca
817 3451 963 3543 Legibus
991 3447 1089 3524 semel
1114 3450 1218 3524 indita
1240 3448 1392 3549 nuspiam
1415 3474 1541 3528 mutata
1567 3448 1774 3534 ostenditur,
1797 3446 1894 3546 cujus

424 3576 522 3629 rrocn
542 3557 734 3627 mutationis
748 3550 925 3647 probanda
936 3574 1020 3620 onus
1036 3544 1186 3620 asserenti
1204 3549 1291 3621 haud
1310 3550 1409 3624 dubie
1426 3551 1598 3624 incumbit.
1650 3555 1730 3622 Nec
1745 3546 1895 3620 solamu-

424 3656 493 3727 ario
514 3650 694 3725 feudorum
711 3674 749 3722 ex
764 3650 976 3743 temporariis
992 3652 1024 3716 in
1046 3644 1235 3719 successoria
1252 3646 1285 3719 dr
1304 3672 1468 3745 perperus
1483 3651 1566 3721 lianc
1581 3644 1726 3719 conficit.
1772 3648 1893 3717 Diver-

424 3746 464 3825 'os
482 3753 574 3823 enim
592 3749 784 3916 acqqisrendi
803 3745 923 3817 modus
942 3742 1164 3818 diversitatem
1185 3746 1371 3818 durationis
1387 3745 1623 3821 accidentalem
1646 3738 1766 3828 infert,
1787 3742 1896 3817 nulla·

424 3870 509 3923 enus
526 3872 609 3921 vero
625 3872 662 3919 ce
690 3868 844 3917 anonem.

529 3987 656 4077 Neque
669 3976 868 4076 polleriores
883 3970 1103 4047 concelliones
1119 3975 1337 4047 Decimarum
1351 3974 1392 4049 ab
1410 3974 1584 4075 Episcopia
1602 3972 1705 4049 faslas
1721 3970 1892 4072 aprillino

424 4100 508 4153 more
527 4079 684 4151 recedere
700 4071 836 4148 voluisse
857 4071 1010 4169 presumi
1032 4076 1165 4168 poterit.
1215 4075 1329 4146 Multo
1348 4078 1460 4168 potius
1479 4074 1658 4149 secundum
1675 4079 1780 4163 Leges
1797 4093 1893 4143 antea

424 4176 605 4250 molliturus
621 4200 669 4248 ce
685 4171 942 4270 interpretanda
961 4168 1051 4252 sunt,
1069 4170 1100 4242 dr
1119 4170 1381 4263 obligationem,
1397 4198 1499 4269 quam
1514 4170 1672 4246 invesliris
1689 4168 1730 4241 ab
1745 4175 1896 4264 impera·

424 4274 545 4351 loribus
561 4299 628 4348 tam
642 4270 784 4348 sludiose
802 4274 1016 4366 graviterque
1041 4267 1266 4355 inculcabant,
1290 4268 1356 4342 suis
1377 4270 1518 4345 Vasallis
1540 4279 1712 4347 remittere
1730 4262 1819 4363 ipsos
1836 4290 1898 4337 vo·

1802 4357 1898 4438 luisse

447 4524 489 4603 Ι)
510 4516 629 4601 Discip.
649 4514 725 4581 Vet.
739 4514 772 4577 dr
787 4514 874 4580 Nov.
893 4513 924 4577 Ρ.
936 4510 993 4577 111.
1009 4511 1078 4575 Lib.
1092 4505 1133 4575 11.
1151 4509 1226 4594 Cap.
1243 4526 1296 4579 22.
1314 4528 1345 4580 n.
1363 4528 1396 4595 5.

449 4640 491 4727 b)
512 4636 634 4704 Ibidem
649 4634 681 4698 P.
697 4633 754 4700 IlL
770 4635 839 4701 Lib.
853 4633 879 4701 1.
898 4631 973 4716 Cap.
988 4642 1018 4707 8.
1038 4630 1070 4713 ὃ.
1086 4648 1117 4715 5.
1132 4626 1166 4693 dr
1179 4627 1242 4713 seq.

464 4856 467 4861 y
516 4756 618 4839 Tam.
645 4752 736 4839 VII.
1250 4754 1352 4824 Aac
